4259 5592
567 472 648 569 με
796 438 1358 537 naut-rona
1414 438 1817 536 Duottutt

559 644 614 727 tia
639 632 879 736 Democriti,
904 630 987 717 save
1005 632 1122 717 etiam
1140 630 1232 719 ante
1257 624 1474 744 Leucippi,
1493 626 1572 719 effe
1589 634 1824 746 corpuscula
1848 658 1961 747 quc-

560 748 660 841 datn‘
674 749 806 847 lavia,
830 748 900 835 atta
919 746 1048 859 aspera
1058 808 1074 851 ,
1101 745 1272 835 rotunda
1292 745 1388 852 aiia,
1423 748 1566 856 partim
1591 770 1725 836 autern
1745 750 1959 867 angulata,

562 894 721 959 curvata
740 862 920 981 quadam
946 863 986 949 δι
1016 863 1124 977 quast
1142 862 1314 957 adunca:
1338 888 1390 947 ex
1417 862 1479 948 his
1508 861 1694 951 effectum
1719 868 1796 953 effe
1824 865 1960 953 caelunt

560 1008 682 1101 atque
706 1006 872 1085 terram,
892 978 995 1065 nuiii
1016 1001 1186 1093 cogente
1200 974 1361 1082 natuti,
1381 975 1449 1063 sed
1472 982 1666 1067 conmrot
1681 981 1865 1096 quodarn
1876 982 1959 1067 for.

562 1106 678 1189 tuito.
707 1102 888 1234 Hanctu
916 1094 1179 1235 opinionen,
1206 1100 1260 1185 C.
1277 1091 1422 1233 Vellei,
1438 1091 1573 1222 ,usque
1598 1096 1652 1181 ad
1682 1099 1786 1241 hauc
1809 1122 1960 1185 atatem

559 1467 776 1563 oportere,
802 1448 923 1559 quarn
945 1444 1016 1531 dia
1039 1442 1273 1556 cognovisti
1302 1448 1356 1527 lta
1377 1444 1529 1527 necesse
1543 1440 1619 1529 fuit
1641 1467 1709 1529 aut
1728 1447 1813 1532 hac
1844 1448 1958 1559 flagi·

561 1569 616 1652 tia
639 1566 847 1673 concipere
868 1561 1029 1662 animo,
1059 1579 1129 1644 aut
1153 1557 1329 1671 susceptae
1339 1557 1377 1604 ⁴⁷
1387 1555 1644 1672 philosophia
1663 1588 1817 1647 notnen
1843 1566 1958 1648 arnit-

564 1698 656 1766 tere.
1163 1745 1166 1751 ,
2096 1739 2097 1752 r

565 1862 569 1870 .
622 1792 734 1914 Qud
756 1790 861 1876 enim
880 1817 1054 1895 ntereas,
1080 1812 1124 1875 ut
1156 1789 1472 1904 Epicureus&
1494 1788 1676 1876 desrnas?
1703 1791 1812 1879 Nthl
1841 1797 1956 1908 equi·
2096 1785 2097 1788 ‘

563 1907 682 2013 dem,
702 1910 858 2021 inquis,
889 1927 934 1991 ut
958 1910 1148 1993 tationem
1182 1908 1268 1991 vita
1300 1903 1445 2010 beata,
1463 1908 1741 2021 vetitatdtnque
1765 1906 1955 2017 deserant.

561 2024 632 2110 lsta
648 2027 765 2138 igitur
787 2025 840 2106 eii
866 2022 1026 2113 vetitas?
1044 2026 1151 2108 Nam
1180 2019 1232 2104 de
1256 2024 1336 2107 vita
1351 2018 1461 2107 beata
1487 2021 1582 2105 nihii
1605 2049 1807 2137 repugno,
1830 2048 1955 2133 quam

562 2161 605 2224 tu
629 2166 680 2222 ne
701 2142 740 2222 in
764 2135 845 2223 deo
869 2132 1035 2251 quidem
1056 2137 1135 2221 eise
1160 2133 1316 2241 censes,
1336 2138 1404 2223 nifi
1424 2135 1537 2249 piane
1559 2141 1645 2223 otio
1661 2137 1849 2251 langueat
1875 2137 1953 2223 Sed

561 2253 634 2338 ubi
650 2252 705 2337 est
728 2250 903 2338 vetitas?
922 2255 965 2335 ln
979 2249 1174 2354 mundis,
1197 2249 1347 2355 credo,
1374 2248 1741 2355 innumerabilibus,
1766 2249 1959 2339 omnibus

561 2366 733 2455 minimis
754 2389 983 2480 temporum
1003 2364 1172 2481 punitio,
1180 2365 1260 2451 aliis
1281 2365 1625 2470 nascentibus,aliis
1639 2365 1892 2453 cadentibus:
1905 2396 1952 2453 au
2096 2463 2097 2476 Ν

561 2482 604 2567 in
625 2480 838 2607 individuis
863 2482 1129 2609 corpusculis,
1159 2502 1239 2566 tarn
1256 2482 1434 2595 pruciaco
1451 2508 1598 2595 opera,
1620 2482 1723 2570 nulia
1744 2484 1953 2571 moderan-
2096 2497 2097 2538 i

560 2620 600 2683 te
629 2594 787 2701 naturai,
824 2593 928 2682 nulla
956 2619 1136 2701 canone,
1164 2595 1441 2711 fingentibus?
1460 2596 1537 2685 Sed
1558 2596 1701 2685 oblitus
1730 2596 1952 2685 liberalitatis
2096 2653 2097 2716 t

561 2738 683 2815 ntea,
709 2741 788 2826 qua
812 2734 943 2797 tecum
977 2709 1096 2825 paulo
1121 2716 1210 2798 ante
1232 2716 1291 2797 uti
1314 2741 1530 2827 ooepetant,
1553 2714 1663 2826 plura
1698 2715 1949 2827 completior.
2096 2807 2097 2812 Ν

560 2826 796 2915 Concedam
813 2826 955 2943 igitur,
979 2853 1029 2911 ex
1054 2826 1267 2913 individuis
1287 2831 1462 2917 constare
1484 2834 1628 2915 omnia.
1657 2830 1771 2949 Quid
1784 2830 1950 2916 adrem?
2096 2839 2097 2924 ζ

560 2942 729 3029 deorum
754 2940 858 3027 enirn
888 2966 1024 3029 natura
1050 2946 1244 3056 quaritur.

564 3086 569 3133 ς
616 3057 699 3142 Sint
717 3055 804 3145 sane
823 3082 871 3141 ex
897 3057 1050 3143 atomio
1081 3062 1181 3142 Non
1210 3055 1328 3171 igitur
1346 3061 1485 3144 aterni.
1514 3056 1642 3176 Qod
1666 3061 1840 3145 enimet
1863 3086 1952 3148 ato-

559 3176 634 3257 mis
655 3174 721 3276 stt,
743 3170 785 3256 id
798 3194 936 3257 natum
953 3169 1167 3287 ailquando
1183 3170 1219 3215 ⁴⁸
1231 3174 1286 3257 stt.
1314 3177 1354 3257 Si
1374 3198 1532 3274 natum,
1547 3172 1640 3256 nulii
1651 3172 1708 3257 dii
1724 3179 1813 3263 antd
1833 3182 1951 3292 quant

560 3288 651 3372 nati.
676 3290 747 3390 Et,
772 3280 799 3372 st
823 3312 932 3373 ottus
963 3288 1017 3372 est
1046 3285 1241 3392 deorum,
1277 3286 1452 3373 interitus
1489 3291 1535 3373 iit
1563 3290 1712 3373 necesse
1733 3292 1815 3395 est,
1842 3318 1887 3377 ut
1909 3316 1950 3378 tu

559 3400 680 3517 paulo
701 3403 790 3488 ante
806 3402 858 3488 de
880 3402 1048 3493 Platonis
1067 3400 1224 3487 mundo
1239 3400 1475 3516 disputabas.-
1513 3397 1591 3487 Ubi
1610 3406 1726 3515 igitur
1755 3399 1848 3490 iilud
1882 3434 1950 3490 ve-

558 3520 680 3603 stttutt
700 3517 881 3620 beatum,
910 3518 957 3609 ἂ
983 3519 1202 3601 aternum?
1224 3518 1370 3631 quibus
1399 3516 1561 3611 duobus
1584 3514 1712 3603 verbis
1735 3521 1950 3634 significatis

493 3656 496 3664 ·
559 3633 694 3718 deutn.
736 3631 863 3751 Qod
876 3628 969 3715 cion
980 3632 1134 3719 efficere
1144 3630 1258 3718 vultis
1272 3638 1339 3737 ,in
1355 3633 1516 3720 dumeta
1529 3636 1742 3747 correpitis.
1771 3644 1826 3721 ita
1846 3644 1948 3723 enirn

486 4052 537 4130 25

558 3746 746 3851 dicebas,
773 3776 857 3831 non
877 3776 1023 3861 corpus
1044 3750 1120 3834 effe
1143 3745 1186 3829 in
1212 3746 1321 3854 deo,
1340 3747 1406 3833 sed
1433 3750 1539 3864 quast
1559 3778 1734 3863 corpus3
1762 3779 1837 3840 nec
1855 3753 1948 3843 ,san-

558 3868 752 3979 guinem,
780 3861 844 3947 scd
868 3864 974 3977 quast
999 3864 1234 3979 sanguinem.

616 3984 711 4067 Hoc
737 3978 904 4093 persape
923 3976 1074 4085 facitis,
1093 4003 1158 4081 ut,
1181 3983 1276 4065 cunt
1294 3979 1440 4097 aliquid
1459 4008 1545 4067 non
1568 3979 1768 4071 veristrnile
1792 3980 1948 4182 dicati}Z

598 4358 648 4412 47.
668 4340 726 4397 Aut
732 4334 851 4419 Μαρια
860 4335 1020 4420 philosophia
1028 4358 1123 4398 nomen
1137 4342 1236 4397 andne-
1271 4338 1455 4401 exaudiorari.
1476 4338 1521 4401 Ita
1531 4343 1608 4419 apud
1623 4338 1796 4401 Ciceronem
1815 4340 1868 4403 tiu
1879 4346 1902 4404 L
1912 4345 1947 4404 de

555 4428 603 4492 re]
627 4418 721 4483 Verba
739 4418 798 4477 haec
813 4438 873 4481 non
888 4415 950 4479 sunt
968 4418 1133 4489 camelam,
1149 4421 1236 4497 quim
1269 4419 1349 4481 offic„
1368 4441 1429 4500 cap.
1445 4442 1491 4484 tr.
1510 4422 1854 4501 Catoproht'berfilium,
1867 4426 1948 4503 quia

556 4499 636 4562 initio
647 4498 736 4563 videri
747 4498 852 4579 poffint.
873 4498 977 4561 Cicero
995 4500 1097 4563 alludit
1112 4501 1236 4561 adrnili·
1269 4504 1343 4564 duce
1356 4522 1415 4563 erat
1432 4504 1646 4576 exauctoratus,
1662 4503 1693 4564 in
1712 4504 1826 4566 hostem
1843 4527 1948 4589 pugna·

553 4582 597 4643 tia
613 4584 748 4643 Romana
769 4602 882 4643 rnorem
893 4623 902 4651 ,
915 4582 966 4645 ubi
980 4582 1146 4645 dicebantur
1158 4582 1181 4644 ii
1191 4607 1236 4645 no-
1268 4604 1316 4655 re,
1328 4583 1380 4645 niti
1397 4587 1494 4649 denuo
1505 4583 1710 4648 aeramentum
1723 4586 1851 4659 onina,
1868 4595 1946 4669 quia,

553 4685 614 4725 Μ
631 4662 806 4741 araquio
817 4684 973 4727 numerum
983 4664 1237 4745 milimmrocipio-
1263 4672 1352 4750 priore
1370 4666 1471 4749 mtiffo,
1481 4672 1542 4739 iure
1561 4690 1622 4730 oum
1637 4669 1745 4746 ψόαι
1758 4686 1944 4753 pugnarem

553 4748 673 4816 kanntrt
692 4742 751 4805 &d
766 4746 904 4808 contrario
918 4770 1011 4809 tannen
1028 4766 1086 4811 aut·
1086 4748 1237 4828 sactonen-
1262 4764 1373 4832 pactae.
1393 4752 1558 4812 unumne

554 4825 1238 4910 mmane,estretinqueremitirian,aut
1308 4830 1585 4916 4⁸.Ait·qmttofit.
1615 4832 1947 4917 Smldutlegu
2096 4891 2097 4900 ,

1880 4936 1946 4982 cun
