4259 5592
580 480 639 558 no
895 459 958 552 M.
1014 458 1666 554 T-aeCICERONIS

584 647 865 764 comprehendi
877 714 890 756 ,
901 649 944 735 id
963 649 1088 764 ipsum
1105 645 1236 732 saltem
1257 648 1388 748 dicere
1435 651 1516 737 olle
1534 646 1816 762 comprehendi
1828 653 1968 767 t'quod

584 763 655 876 ipsi
680 767 878 850 Antiocho
892 759 1284 882 pingue⁴videbatur
1296 825 1311 868 ,
1332 681 1455 851 &fibi
1480 766 1733 866 contrarium-j
1755 769 1852 851 Non
1865 771 1969 852 enim

583 879 711 991 potest
724 877 998 964 convenienter
1010 878 1103 982 dici,
1115 877 1207 962 nihil
1229 878 1510 991 comprehendi
1524 879 1635 992 polle
1647 876 1700 981 ,st
1718 876 1843 988 ipsum
1856 884 1969 965 co'm-

581 990 772 1105 prehendi
797 995 907 1104 poffe
923 991 1083 1078 dicatur.
1112 989 1178 1077 lllo
1194 991 1321 1078 modo
1346 988 1479 1102 potibs
1498 1013 1607 1106 putat
1626 990 1846 1104 urgendum
1858 993 1969 1078 hrille

581 1104 825 1192 Carneadem
838 1139 849 1193 :
861 1111 957 1192 crim
979 1108 1153 1220 sapientis
1170 1104 1318 1190 nullum
1330 1104 1528 1192 decreunn
1539 1107 1614 1190 elie
1625 1106 1760 1218 polin,
1775 1107 1843 1192 nisr
1856 1135 1970 1193 eom·

581 1221 837 1334 prehensum,
858 1243 1115 1336 perceptum,
1137 1223 1368 1334 cognitum:
1402 1242 1448 1307 ut
1475 1223 1556 1306 lroc
1585 1219 1712 1332 ipsum
1742 1217 1967 1324 dennum,

580 1331 696 1446 quod
717 1335 891 1444 sapientis
911 1338 1026 1440 effer,
1049 1333 1143 1424 nihil
1179 1335 1291 1448 polle
1323 1333 1497 1448 percipi,
1516 1331 1696 1420 fateretur
1725 1334 1802 1419 effe
1833 1361 1967 1449 perce-

580 1467 705 1558 ptum.
735 1449 906 1536 Proinde
923 1453 934 1496 ⁵
950 1452 1056 1566 quasi
1082 1449 1227 1566 hpiens
1250 1449 1398 1538 nullum
1417 1444 1521 1534 aliud
1538 1445 1740 1537 decrettun
1752 1444 1911 1555 habeat,
1928 1451 1968 1536 &

580 1561 658 1646 fine
675 1558 836 1648 decretis
861 1568 980 1652 vitam
1005 1591 1120 1679 agere
1145 1563 1270 1674 pollit.

581 1733 585 1740 -
637 1673 714 1784 Sed
738 1699 784 1762 ut
805 1678 863 1763 illa
887 1677 1001 1766 habet
1027 1673 1268 1793 probabilia,
1291 1709 1375 1765 non
1396 1699 1602 1792 percepta,
1627 1677 1680 1762 src
1708 1678 1789 1764 hoc
1816 1677 1968 1792 ipsum,

476 1895 477 1898 p
579 1790 673 1874 nihil
696 1790 806 1904 polle
836 1794 994 1908 percipi.
1023 1793 1175 1880 Namsr
1198 1796 1241 1876 in
1263 1794 1344 1879 hoc
1366 1789 1523 1878 haberet
1547 1795 1785 1906 cognitionis
1809 1817 1966 1895 notam,

458 1949 460 1956 ·
577 1901 715 1989 eidem
737 1923 907 1993 uteretur
933 1913 974 1994 in
993 1911 1146 1996 caeteris
1188 1913 1324 2030 Qtam
1343 1909 1535 2020 quoniam
1562 1936 1646 1991 non
1677 1905 1815 2010 habet,
1842 1909 1965 1993 utitur

579 2015 857 2133 probabilibus.
886 2027 1018 2138 ltaque
1043 2051 1127 2108 non
1154 2025 1316 2126 metuit,
1335 2048 1386 2106 ne
1408 2019 1652 2106 oonhmdere
1676 2018 1810 2105 onmia
1831 2018 1966 2122 videa-

577 2155 665 2238 tur,
686 2133 883 2220 &incerta
903 2136 1075 2223 reddere.
1103 2141 1203 2223 Non
1226 2141 1330 2222 enim
1342 2198 1356 2239 ,
1379 2132 1745 2247 quemadmodum,
1771 2135 1799 2218 h
1827 2136 1968 2247 quaesr-

576 2269 662 2332 tum
687 2273 735 2332 ex
761 2275 811 2334 eo
830 2250 897 2356 fit,
918 2251 1107 2338 stellarum
1124 2277 1307 2336 numerus
1328 2277 1399 2361 par
1421 2277 1471 2333 an
1498 2247 1621 2361 impar
1639 2249 1706 2334 fit:
1722 2246 1841 2352 item,
1862 2250 1890 2332 fi
1915 2247 1967 2332 de

576 2363 714 2447 officio
738 2363 936 2478 multisque
954 2367 1033 2452 aliis
1056 2363 1264 2468 derebus,
1289 2367 1331 2448 in
1351 2362 1699 2476 quibusversatur,
1714 2362 1962 2447 exercitatus-

576 2475 746 2589 quesn,
771 2477 912 2562 nescire
935 2482 971 2564 se
995 2480 1110 2565 dicat
1139 2485 1180 2565 ln
1206 2482 1358 2564 incertis
1379 2482 1481 2562 enim
1503 2475 1595 2566 nibil
1615 2476 1669 2560 est
1688 2471 1909 2589 probabile:
1925 2480 1966 2561 in

575 2588 720 2699 quibus
742 2612 872 2675 autem
895 2594 973 2698 est,
993 2599 1035 2678 in
1054 2597 1113 2680 his
1137 2624 1222 2680 non
1243 2591 1364 2678 decrit
1392 2594 1574 2705 sapienti,
1593 2616 1666 2677 nec
1698 2586 1796 2704 quid
1827 2589 1965 2694 faciat,

574 2729 648 2788 nec
665 2702 762 2817 quid
782 2707 1023 2820 respondeat.

630 2823 694 2903 Ne
718 2817 817 2904 illam
840 2822 1002 2934 quidem
1028 2821 1512 2937 pretermifilli,Luculle,
1529 2819 1864 3044 rpprphenfionem
1877 2824 1962 2906 An-

1588 2964 1606 3019 s

572 2935 723 3036 tiochI,
743 2933 848 3041 (nec
864 2936 1030 3025 mirum:
1052 2943 1092 3022 in
1116 2942 1248 3049 primis
1264 2940 1370 3021 enim
1390 2937 1445 3020 eli
1465 2934 1548 3022 nob
1652 2931 1731 3049 quai
1744 2933 1887 3019 solebat
1899 2933 1963 3018 di-

571 3069 659 3129 cere
679 3050 921 3156 Antiochus,
945 3053 1150 3138 Philonem
1165 3053 1332 3138 maxime
1354 3047 1630 3165 perturbatum
1660 3048 1963 3134 Cdmenimsu-

569 3181 738 3244 meretur
761 3190 911 3270 unum,
931 3167 1014 3250 Esse
1039 3167 1220 3280 quadam
1243 3165 1328 3250 falsa
1349 3165 1448 3249 visa:
1478 3161 1664 3267 alterum,
1685 3161 1792 3250 Nihil
1811 3189 1856 3246 ea
1883 3161 1965 3248 dif-

568 3271 667 3358 ferre
691 3278 714 3360 a
740 3281 863 3377 veris3
891 3308 975 3367 non
997 3281 1218 3386 attendere,
1242 3281 1415 3392 superius
1434 3276 1529 3362 illud
1551 3303 1597 3362 ea
1616 3304 1656 3361 re
1677 3281 1700 3363 b
1718 3275 1755 3360 se
1772 3277 1848 3362 elle
1862 3306 1965 3363 con-

569 3388 739 3492 cellum,
769 3390 882 3504 qubd
905 3392 1103 3481 videretur
1126 3399 1203 3482 elie
1261 3392 1412 3478 uaedarn
1438 3396 1478 3476 in
1501 3392 1587 3477 viss
1611 3390 1851 3478 differentiae
1875 3417 1964 3482 eam

567 3501 648 3586 tolli
671 3503 815 3609 altero,
841 3535 926 3620 quo
951 3530 1068 3624 neget
1090 3511 1164 3596 vila
1186 3515 1209 3597 ai
1232 3425 1332 3592 ialin
1354 3532 1445 3592 vera
1472 3503 1649 3593 differre:
1674 3505 1769 3591 nihil
1789 3530 1870 3598 tam
1896 3532 1963 3590 re-

566 3643 751 3730 pugnare.
781 3619 824 3703 ld
849 3624 902 3706 ita
924 3625 1166 3731 esset,s1nos
1185 3650 1322 3710 verum
1342 3623 1510 3709 omnino
1530 3620 1763 3711 tolleremus.
1791 3624 1889 3706 Non
1901 3619 1962 3705 fa-

566 3733 700 3816 cimus.
728 3739 834 3820 Nam
856 3755 1035 3825 tamvera
1047 3802 1061 3844 ,
1077 3745 1197 3853 quim
1213 3735 1323 3843 fusa,
1338 3741 1541 3822 cernimus.
1570 3732 1647 3824 Sed
1657 3733 1857 3848 probandi
1871 3734 1960 3847 spe-

566 3843 643 3932 cies
661 3845 742 3934 est:
769 3851 1012 3964 percipiendi
1036 3856 1188 3970 signum
1216 3851 1362 3938 nullum
1386 3849 1587 3938 habemus.

1280 4031 1289 4048 .
1900 3969 1962 4051 Ac

577 4115 1949 4144 ---——·----.------.---------

574 4242 581 4256 ,
603 4189 632 4238 4·
653 4172 772 4246 Pingue]
796 4170 947 4246 Graiium,
968 4175 1063 4236 hebes.
1083 4174 1233 4235 Turneb.in
1275 4173 1361 4234 etiam
1376 4173 1540 4236 confirmata
1554 4171 1691 4248 exemplis
1712 4167 1848 4247 pluribus.
1868 4169 1953 4230 Cice·

559 4245 609 4306 bb.
632 4250 668 4309 de
684 4251 773 4324 Pate,
792 4270 852 4329 cap.
863 4275 892 4326 4.
1274 4255 1351 4316 tonis
1368 4256 1431 4318 stent
1450 4257 1525 4326 lm,
1552 4251 1649 4316 leviter
1668 4251 1845 4313 Antiochum
1862 4271 1958 4327 repre·

603 4347 628 4401 5.
652 4333 760 4390 Proinde
776 4331 850 4412 quast
858 4334 962 4416 sapiens
978 4336 1079 4395 nudum
1100 4335 1172 4395 dau
1190 4337 1233 4394 de·
1273 4335 1445 4407 hendmfir,
1470 4335 1545 4413 qubd
1560 4335 1584 4393 is
1611 4331 1716 4395 diceret
1732 4353 1822 4394 novos
1844 4333 1955 4393 Acade·

557 4427 655 4472 ereum
675 4412 783 4484 wear,
799 4410 835 4476 ὰ
846 4413 905 4493 fine
925 4415 1030 4475 decretis
1051 4419 1138 4475 viram
1156 4435 1232 4494 agere
1273 4417 1364 4480 micos
1388 4420 1444 4480 hoc
1461 4433 1554 4477 unum
1573 4417 1719 4477 decretum
1738 4414 1843 4475 habere
1853 4454 1863 4483 ‚
1883 4409 1958 4473 cnm

551 4488 647 4581 yffi]
670 4492 724 4551 ilic
743 4493 822 4554 locus
839 4495 977 4559 comestus
990 4495 1045 4568 est,
1065 4497 1098 4558 &
1115 4496 1231 4575 quidem
1273 4499 1408 4561 luberent
1425 4497 1514 4558 muln
1529 4496 1584 4557 alia
1596 4495 1663 4569 ‚sed
1673 4517 1707 4558 ea
1720 4493 1875 4576 probabilia
1889 4513 1956 4564 mo

556 4567 640 4628 Vani·
660 4571 865 4650 Nequaquam
885 4577 952 4638 Erat
968 4577 1046 4639 enim
1058 4578 1185 4660 integer,
1199 4579 1231 4639 &
1274 4579 1330 4652 db,
1345 4601 1404 4643 non
1423 4577 1656 4657 etiamperoepta.
1676 4579 1788 4638 Paean.

555 4667 666 4726 apertus
686 4673 695 4712 ε
716 4657 866 4728 repetenda
893 4657 1004 4720 tantum
1029 4661 1143 4741 negatio
1170 4658 1233 4739 poli
1315 4675 1343 4722 6.
1366 4663 1413 4722 Sed
1432 4661 1511 4721 nihilo
1527 4667 1634 4731 minor]
1655 4665 1761 4723 Veram
1779 4655 1953 4732 lechonem,

553 4729 689 4822 populana
708 4729 753 4796 ὰ.
773 4733 882 4794 Similis
897 4736 998 4815 ellipfis
1026 4740 1107 4820 supe‘a
1125 4760 1186 4817 cap.
1204 4761 1234 4810 9·
1266 4740 1315 4818 sed
1332 4747 1379 4822 qui
1398 4741 1546 4821 mest,
1565 4740 1638 4802 milri
1657 4744 1833 4819 pmbuemnt
1843 4739 1952 4798 me.

550 4829 585 4873 tn
598 4811 655 4876 illis
673 4813 784 4892 verbis,
797 4819 954 4898 Sapiemiqroe
961 4819 1028 4898 saris
1039 4821 1086 4904 sir.
1123 4821 1178 4884 tter
1193 4819 1235 4884 est
1276 4815 1311 4884 δι
1330 4828 1396 4904 neg.
1418 4843 1472 4907 pro
1486 4822 1563 4889 vatia
1582 4821 1712 4901 Ιοᾶἰοιιο,
1742 4816 1953 4964 liunebidqni

1899 4918 1951 4964 em
