4259 5592
478 358 1252 484 nrnatrratrrtos.
1492 412 1565 513 ιο,

184 580 255 685 ‘tut
270 602 323 667 ru
343 573 435 689 vis)
457 572 582 663 solttm
598 574 754 664 bonum
774 572 908 663 rideri
939 577 1075 704 Qtod
1099 578 1206 684 scita
1227 574 1306 682 est,
1320 579 1497 696 sequimi
1526 590 1571 677 id

183 703 334 811 ipsmn,
358 690 475 809 quod
498 714 538 777 te
558 693 654 780 velle
672 692 794 779 video
803 755 819 796 ,
837 719 979 777 omnes
992 704 1140 811 semper
1156 690 1296 785 beatos
1323 700 1398 781 else
1419 700 1572 813 sapien-

182 810 415 1009 teesHdsre
437 814 556 991 igitap
574 806 732 915 laudas,
763 808 803 893 St
827 807 929 897 hanc
957 835 1099 916 eornm
1115 809 1342 897 sentenian
1364 812 1470 927 sequi
1494 848 1572 916 noa

180 946 541 1013 cenesoortere.
1254 1007 1257 1013 .
1364 974 1368 983 ·
1430 972 1435 980 ·

236 954 404 1124 Minirrie
430 1041 527 1122 vero
557 1038 719 1123 illorum
747 1035 935 1155 quidem,
967 1041 1111 1155 inquit
1142 1043 1261 1127 ³Citm
1287 1043 1394 1127 enim
1421 1042 1574 1133 virtutis

178 1158 258 1240 hoc
281 1149 486 1266 proprium
499 1149 570 1258 stt,
595 1180 728 1238 eanrm
746 1182 900 1257 rernm,
920 1181 1007 1266 qua
1027 1154 1247 1240 secundom
1271 1178 1446 1240 naturam
1468 1160 1573 1265 sint,

180 1264 324 1373 habere
339 1264 553 1368 delesium3
567 1272 636 1382 qui
654 1268 792 1375 ornnia
815 1270 869 1355 fic
882 1294 1209 1382 exaqnavenmt,
1232 1274 1341 1355 utin
1365 1291 1574 1387 utramque

181 1380 784 1611 panem'pitsinialiisttilddm'
807 1387 864 1471 uti
883 1381 991 1470 nulla
1007 1382 1214 1471 selesiione
1239 1406 1467 1491 uterentur,
1491 1392 1573 1476 vir-

180 1512 337 1585 ttttet'nt
523 1522 525 1525 ·
581 1521 706 1584 erunt.
1444 1548 1447 1552 J

238 1610 341 1696 iliud
357 1608 544 1724 quidem,
565 1618 756 1726 inquam,
775 1615 925 1728 optime
948 1614 1070 1701 dicist
1095 1614 1163 1699 sed
1195 1643 1354 1729 quaro,
1373 1620 1576 1704 nonnetiae

179 1724 464 1812 braciandum
488 1724 592 1813 idern
615 1728 681 1832 stt,
702 1727 795 1815 nihil
816 1726 960 1815 dicenti
986 1727 1169 1832 bonum,
1192 1728 1307 1844 quod
1325 1736 1573 1819 nonreetum

179 1842 466 1951 honestamque
487 1842 950 1957 srt‚=reliquarum·rerum
975 1842 1178 1931 discrimen
1197 1869 1323 1930 omne
1341 1845 1515 1938 tolenti?
1529 1853 1570 1935 Si

178 1953 365 2070 quidem,
386 1955 530 2069 inquit,
555 1956 751 2043 tollerem:
765 1956 836 2042 sed
861 1958 1051 2075 relinquo.
1093 1963 1284 2083 Quinam
1308 1960 1438 2046 modo
1454 2002 1477 2067 ,·
1504 1965 1570 2046 in-
1721 2059 1725 2071 ¹

177 2064 323 2183 quam',
346 2070 468 2154 sruna
491 2076 641 2175 virtus,
663 2098 789 2157 unum
802 2072 928 2177 istud,
946 2073 1060 2187 quod
1073 2072 1280 2158 honestum
1300 2074 1491 2186 appellas,
1505 2102 1572 2160 rea·

176 2186 305 2290 num,
332 2180 543 2289 laudabile,
570 2185 783 2292 decontm,
812 2189 914 2299 (erit
941 2187 1045 2272 enirn
1069 2186 1204 2272 notius
1226 2186 1339 2298 quale
1360 2188 1429 2292 stt,
1449 2189 1572 2301 pluri÷

174 2296 247 2384 bns
272 2320 456 2386 notatum
475 2296 676 2386 vocabulis
708 2299 816 2387 idem
842 2300 1151 2400 declarantibus.)
1178 2300 1222 2384 id
1247 2328 1365 2412 ergo,
1392 2306 1571 2415 inquam,

174 2412 351 2499 srsolum
376 2412 428 2497 eli
453 2410 634 2521 bonum,
668 2413 766 2529 quid
791 2412 956 2521 habebis
976 2438 1196 2529 preterea,
1228 2414 1342 2529 quod
1375 2417 1568 2531 sequare?

173 2549 259 2632 aut,
278 2531 309 2611 sa
333 2528 437 2629 nihil,
450 2528 594 2613 malum
608 2527 704 2633 ,nisr
755 2529 841 2617 uod
864 2530 999 2642 turpe,
1019 2530 1296 2634 inhonestum,
1314 2528 1567 2637 indecorum,

172 2670 363 2754 pravum,
389 2642 652 2757 flagitiosum,
672 2558 856 2749 ‚sendum
883 2646 962 2755 (ut
997 2646 1077 2729 hoc
1098 2672 1264 2842 petoque
1289 2644 1467 2755 pluribus.
1489 2677 1570 2731 no-

172 2750 346 2845 minibus
374 2758 520 2873 insrgne
534 2756 716 2843 faciamus
737 2758 757 2867 )
779 2758 877 2874 quid
892 2779 1072 2871 praterea
1127 2762 1202 2842 ires
1217 2760 1293 2843 else
1308 2740 1569 2873 fitgiendum?

169 2875 266 2957 Non
288 2878 485 2989 ignoranti
500 2871 522 2976 ,’
539 2875 695 2986 inquit,
721 2870 817 2977 tibi,
835 2870 939 2987 quid
966 2874 1043 2958 :sim
1064 2870 1262 2977 didatus,
1292 2870 1357 2955 sed
1389 2872 1567 2987 aliquid,

170 3006 212 3069 ut
237 3012 321 3102 ego
349 2982 547 3099 suspicor,
577 3015 626 3071 ex
655 3010 742 3071 mea
775 2986 885 3073 brevi
907 2987 1157 3099 responsione
1177 2991 1342 3099 arripere
1363 2993 1568 3100 cupienti,

167 3120 250 3185 non
277 3100 529 3215 respondebo
550 3101 601 3187 ad
630 3100 802 3216 singula-r
833 3100 1037 3215 explicabo
1058 3104 1194 3213 potitis
1209 3161 1222 3202 ,
1240 3099 1430 3213 quoniam
1449 3104 1588 3189 otiosi*

165 3212 328 3319 firmus,
354 3216 423 3299 nisa
446 3216 612 3302 alienum
638 3238 777 3330 puras,
799 3238 923 3303 totam
953 3214 1124 3303 Zenonis
1137 3213 1452 3327 Stoicorltmque
1480 3218 1568 3301 sen·

164 3329 341 3413 tentiam.
370 3332 531 3415 Minime
554 3330 595 3415 id
615 3330 798 3444 quidem,
816 3331 1005 3445 inquam,
1031 3330 1223 3419 alienum:
1246 3332 1495 3443 multamque
1513 3330 1565 3416 ad

161 3440 233 3545 ea',
250 3472 357 3557 ,qua
383 3448 617 3557 querimus,
638 3446 846 3559 explicatio
872 3470 938 3531 tua
967 3446 1035 3527 ista
1065 3441 1284 3556 profecerit.
1313 3448 1566 3556 Experiamur

158 3554 309 3669 igitur,
334 3562 374 3642 in
404 3558 483 3661 uir,
505 3559 572 3643 etsi
598 3559 714 3645 habet
739 3562 821 3644 hac
845 3558 1072 3646 Stoicorum
1090 3561 1197 3642 :ratio
1217 3555 1564 3669 difficiliorquid-

158 3672 251 3756 darn
284 3672 329 3756 bt
359 3588 569 3758 obscurius.
623 3679 727 3759 Nam
765 3680 860 3767 crim
894 3678 936 3760 in
971 3672 1115 3759 Gtcco
1154 3670 1334 3758 sermone
1371 3675 1454 3758 haec
1483 3672 1566 3784 ipsa

156 3784 375 3898 quondam
395 3812 525 3871 rerum
544 3786 703 3874 nomina
725 3816 919 3873 novarum
939 3816 1044 3872 nova
1063 3783 1321 3890 videbantur,
1342 3813 1430 3898 quae
1453 3814 1564 3869 nunc

151 3900 415 3999 consuetudo
434 3900 615 3988 diuturna
636 3907 757 3989 trivit:
779 3900 876 4017 quid
891 3902 1016 3987 censes
1034 3906 1077 3987 in
1099 3897 1239 3986 Latino
1262 3899 1388 3985 sore?

210 4014 462 4100 Facillimum
487 4014 527 4102 id
550 4014 713 4131 quidem
730 4018 817 4120 ell,
847 4019 886 4103 in
915 4044 1017 4101 aaut.
1061 4014 1100 4100 Si
1128 4017 1233 4097 enirn
1250 4016 1423 4099 zenon?
1425 4011 1561 4119 licuit,

145 4133 254 4214 crim
287 4156 375 4213 rem
398 4130 566 4247 aliquam
589 4130 789 4217 invenisset
821 4046 1057 4234 inttliatam,
1083 4126 1306 4213 inauditum
1330 4154 1494 4239 quoque
1522 4133 1561 4213 ei

142 4248 204 4329 rei
230 4258 393 4329 nomen
415 4250 642 4360 imponere,
671 4276 741 4333 cur
772 4276 856 4333 non
877 4248 986 4331 liceat
1007 4245 1181 4332 Catoni?
1221 4246 1308 4326 Nee
1333 4263 1461 4325 tamen
1488 4270 1563 4325 ex-

139 4357 271 4473 primi
290 4355 463 4445 verbum
489 4363 511 4447 ὲ
531 4358 652 4449 verbo
676 4363 825 4448 necesse
849 4366 918 4449 erit
931 4424 948 4464 ,
963 4382 1016 4445 at
1041 4358 1266 4469 interpretes
1298 4353 1465 4440 indiserti
1494 4354 1561 4440 so.-

138 4476 249 4578 lent‚
288 4470 394 4561 cirrn
419 4477 466 4561 srt
498 4473 698 4585 verbum,
736 4475 850 4592 quod
877 4476 982 4563 idem
1005 4472 1195 4574 declaret,
1215 4469 1337 4582 magis
1364 4473 1559 4556 usitatum.

136 4590 367 4705 Equidem
392 4587 499 4679 soleo
517 4593 659 4697 etiam,
679 4592 796 4706 quod
815 4622 899 4678 uno
913 4592 1047 4676 'Graci
1058 4652 1073 4693 ‚
1096 4584 1249 4671 sialiter
1274 4615 1360 4671 non
1380 4585 1559 4697 possum,

134 4702 249 4793 idern
273 4704 475 4823 pluribus
503 4709 631 4795 verbis
649 4734 866 4821 exponere:
893 4708 932 4795 δι
964 4726 1096 4793 tamen
1115 4725 1219 4815 puto
1241 4700 1411 4788 concedi
1438 4696 1558 4781 nobis

372 4844 377 4853 ·
423 4832 451 4839 ··
1228 4839 1233 4844 ·
1342 4830 1557 4923 oportere,
