4259 5592
449 469 620 567 47⁶
825 430 1621 533 ruscuuaurttun

445 676 448 685 ·
501 652 505 657 ’
536 637 597 725 illc
618 630 736 721 animi
761 630 877 717 scetus
900 628 1078 715 exsuletr
1102 656 1205 714 unus
1226 626 1270 712 in
1288 628 1519 741 cognitione
1543 650 1672 713 rerum
1694 626 1869 741 postus,
1895 622 1935 715 &

537 756 580 839 in
594 747 852 859 explicatione
873 766 1038 829 naturoer
1053 744 1145 831 alter
1164 747 1206 828 in
1229 744 1246 783 ⁸
1270 742 1529 854 descriptione
1547 741 1857 852 expetendarum
1869 742 1937 829 fu·

537 862 820 981 giendarbmve
843 886 995 945 retum:
1014 862 1148 945 tertius
1176 856 1475 970 injudicando,
1505 853 1604 964 quid
1639 860 1785 971 cuique
1814 860 1869 943 tei
1889 856 1933 943 lit

536 980 779 1091 consquens
790 1038 804 1081 ,
826 973 926 1088 quid
946 1000 1189 1087 repugnans:
1217 978 1257 1060 in
1278 1002 1364 1086 quo
1386 969 1481 1057 inest
1497 971 1626 1057 omnis
1646 992 1733 1057 tum
1753 970 1934 1059 subtilitas

538 1090 770 1195 disserendi,
792 1115 878 1177 tum
905 1088 1042 1174 veritas
1062 1087 1272 1203 judicandi.
1411 1138 1415 1151 ·
1739 1192 1742 1197 Δ

559 1266 568 1279 -
596 1214 695 1335 Qo
720 1205 880 1291 tandem
917 1206 1033 1317 igitur
1056 1203 1215 1317 gaudio·
1241 1203 1346 1289 affici
1376 1202 1525 1325 necesse
1551 1200 1606 1287 est
1637 1200 1814 1314 sapientis
1846 1204 1933 1290 ani-

537 1350 677 1427 mum,
700 1349 793 1406 cum
816 1317 876 1406 his
899 1315 1138 1404 habitantem
1164 1320 1538 1435 pemosiantquue
1569 1319 1713 1403 curis?
1741 1323 1817 1423 Ut,
1842 1314 1935 1405 clun

538 1443 660 1527 totius
678 1434 818 1520 mundi
843 1457 978 1520 motus
998 1436 1348 1545 conversionesque
1376 1432 1636 1547 perspexerit,
1654 1431 1936 1548 liderdquevi-

437 1598 443 1609 ·
537 1556 637 1641 derit
655 1544 946 1637 innumerabilia
967 1548 1062 1637 caelo
1089 1547 1313 1635 inherentia
1337 1578 1431 1635 cum
1454 1547 1534 1661 ejus
1555 1548 1671 1663 ipsrus
1693 1572 1809 1635 motu
1835 1578 1936 1635 con-

537 1694 686 1785 gruere.
699 1668 811 1751 certis
833 1662 952 1749 infixa
965 1662 1141 1767 sedibus;
1156 1663 1303 1778 septem
1322 1663 1393 1749 alia
1408 1662 1500 1753 suos
1515 1691 1685 1781 quaque
1701 1688 1831 1750 tenere
1843 1690 1936 1750 cur·

538 1786 601 1871 sus
613 1846 627 1886 ,
655 1781 823 1868 multum
847 1777 1010 1865 interse
1046 1803 1112 1865 aut
1143 1778 1345 1867 altitudine
1380 1800 1447 1867 aut
1484 1776 1698 1865 humilitate
1733 1778 1933 1882 distantia,

399 1966 402 1971 .
538 1925 713 2012 quorum
737 1900 827 2008 vagi
847 1911 982 1979 motus
999 1917 1079 1980 rata
1098 1917 1226 1980 tamen
1247 1895 1286 1981 dt
1311 1917 1413 1980 certa
1449 1895 1503 1982 sui
1529 1892 1660 1979 cursus·
1682 1892 1797 2007 spatia
1831 1890 1934 1977 defi·

539 2018 658 2097 niant.
687 2017 849 2097 Horum
866 2008 1050 2093 nimirum
1075 2008 1275 2122 adspeslus
1295 2009 1446 2124 impulit
1465 2004 1553 2095 illos
1563 2009 1758 2095 veteres&
1782 2004 1935 2093 admo·

538 2130 649 2228 nuit,
674 2146 719 2211 ut
743 2122 853 2238 plura
872 2146 1100 2238 quaererent.
1128 2123 1222 2210 lnde
1247 2123 1300 2208 eil
1323 2122 1523 2238 indagatio
1544 2144 1631 2209 nata
1664 2125 1868 2209 initiorum
1891 2123 1936 2209 δι

539 2264 730 2354 tanquam
750 2238 968 2345 seminum,
992 2237 1099 2325 unde
1114 2238 1233 2325 essent
1260 2239 1398 2341 omnia
1418 2260 1525 2343 orta,
1548 2260 1754 2355 generata,
1768 2262 1955 2323 comere·-

540 2379 602 2443 ta:
630 2350 799 2469 quisque
823 2354 1009 2470 cujusque
1035 2352 1187 2469 generis
1213 2352 1273 2441 vel
1310 2354 1495 2459 inanimi,
1520 2355 1581 2439 vel
1616 2356 1849 2457 animantis,
1876 2350 1936 2439 vel

540 2473 641 2555 muti
654 2531 667 2573 ,
680 2470 741 2555 vel
765 2467 961 2583 loquentis
982 2470 1127 2584 origo,
1159 2498 1246 2585 qua
1260 2472 1361 2576 vita,
1382 2468 1453 2584 qui
1475 2472 1674 2573 interitus,
1699 2466 1871 2581 quicque
1888 2492 1936 2552 cx

541 2583 619 2669 alio
632 2584 675 2668 in
693 2581 803 2668 aliud
813 2582 1031 2671 vicissitudo
1052 2604 1172 2699 atque
1186 2589 1372 2672 mutatio:
1389 2583 1496 2671 unde
1508 2604 1630 2688 terra,
1656 2584 1696 2669 &
1724 2582 1869 2697 quibus
1886 2582 1936 2667 li·

541 2696 648 2784 brata
676 2696 946 2812 ponderibus,
980 2699 1126 2813 quibus
1155 2698 1327 2786 cavernis
1353 2696 1513 2786 mariab
1547 2699 1724 2785 sustineat
1747 2730 1761 2785 r
1792 2702 1935 2810 inqua

438 2864 441 2869 ·
541 2817 677 2901 omnia
695 2812 821 2899 delata
838 2816 1023 2929 gravitate
1047 2813 1223 2902 medium
1246 2814 1382 2901 mundi
1409 2814 1543 2903 locum
1564 2813 1712 2925 semper
1727 2806 1937 2925 expetant,

543 2928 615 3044 qui
632 2929 687 3012 est
710 2927 817 3012 idern
837 2932 993 3015 infimus
1019 2928 1060 3013 in
1081 2930 1269 3017 rotundo.
1328 2993 1332 3001 -

471 3062 530 3180 ’ἦ
567 3098 576 3115 ·
600 3049 697 3129 Hac
723 3042 899 3128 tmsianti
919 3048 1079 3150 animo,
1104 3046 1156 3131 dc
1171 3046 1308 3132 nosses
1328 3047 1367 3133 &
1390 3044 1473 3133 dies
1497 3040 1688 3157 cogitanti
1716 3040 1857 3127 exsistit
1880 3039 1938 3128 illa

542 3156 662 3244 adeo
690 3155 853 3267 Delphis
875 3182 1065 3273 praecepta
1091 3158 1355 3274 cognitio,ut-
1371 3161 1451 3275 ipsa
1474 3154 1554 3245 se‘
1585 3187 1695 3244 mens
1719 3155 1937 3271 agnoscat,

541 3272 873 3386 conjtmslimque
893 3302 987 3358 cum
1012 3273 1145 3361 divina
1166 3296 1295 3361 mente
1315 3274 1350 3359 se
1374 3277 1528 3361 sentiat:
1551 3302 1600 3361 ex
1619 3301 1705 3390 quo
1739 3268 1938 3358 insatiabili

541 3385 692 3502 gaudio
718 3386 970 3498 compleatur.
1001 3389 1082 3499 lpsa
1104 3393 1209 3477 enim
1244 3392 1434 3503 cogitatio
1461 3389 1512 3475 de
1533 3390 1637 3476 vi&
1672 3409 1808 3473 natura
1835 3386 1937 3471 deo-

269 3515 273 3524 '
366 3532 370 3540 ’
497 3530 659 3605 -rum,
678 3499 851 3586 studium
868 3502 1041 3589 inoendit
1061 3504 1158 3592 illius
1179 3509 1394 3592 aternitatis
1416 3504 1638 3591 imitandae:
1676 3523 1806 3615 neque
1829 3499 1868 3586 se
1895 3500 1937 3585 in

466 3668 469 3673 -
502 3664 508 3677 ·
542 3616 729 3703 brevitate
748 3620 834 3701 vita
855 3616 1085 3705 collocatam
1102 3639 1238 3747 perat,
1255 3614 1356 3703 cbm
1368 3621 1641 3725 rerumcausas
1662 3616 1750 3703 alias
1776 3643 1826 3701 ex
1855 3616 1936 3703 aliis

542 3749 651 3931 agras
672 3731 932 3826 &necessitate
946 3758 1063 3819 nexas
1076 3732 1193 3819 vrdct.
1216 3734 1376 3877 Qibus
1390 3736 1441 3821 ab
1455 3758 1599 3821 aterno
1613 3758 1792 3848 tempore
1806 3732 1937 3817 fluen-

527 3853 573 3945 ai
601 3876 648 3931 us
664 3845 706 3929 in
724 3866 911 3931 aetemum
931 3850 1030 3935 ratio
1060 3871 1190 3935 tamen
1219 3848 1405 3962 mensque
1425 3849 1660 3937 moderatur.

601 3966 700 4047 Haec
720 3960 779 4046 ille
803 3960 957 4046 intuens
976 3987 1096 4078 atque
1120 3960 1348 4078 suspiciens,
1379 3964 1440 4050 vel
1471 3968 1605 4078 potitis
1641 3989 1778 4050 omnes
1809 3984 1937 4075 partes

543 4074 711 4190 urbsque
733 4074 1071 4188 circumspiciens,
1098 4076 1243 4191 quanti
1264 4078 1388 4165 rursus
1409 4079 1528 4165 animi
1553 4078 1825 4194 tranquillitate
1859 4080 1940 4164 hu-

536 4191 715 4277 mana&
737 4190 913 4277 citeriora
937 4191 1298 4283 consideratiHinc
1323 4193 1384 4281 illa
1407 4199 1586 4310 cognitio
1608 4191 1758 4281 virtutis
1777 4192 1935 4280 exsistit:

543 4305 790 4393 efflorescunt
807 4331 971 4419 genera,
1005 4308 1209 4425 panesque
1237 4309 1450 4399 virtutum:
1478 4312 1698 4415 invenitur,
1733 4305 1835 4422 quaid
1867 4309 1936 4511 [ἑτέ

1822 4452 1880 4537 qu

584 4690 602 4729 a
621 4670 695 4731 Vict
714 4671 860 4749 discretione
1257 4672 1342 4751 ηψπ

584 4752 604 4813 b
624 4751 709 4809 Mau:
717 4752 890 4829 fifiineantrn·
1288 4798 1291 4805 ,
1301 4775 1348 4831 3²·
1372 4757 1405 4813 Ur
1421 4753 1496 4813 taba
1505 4752 1536 4832 se
1554 4772 1613 4823 res,
1626 4772 1668 4813 me
1689 4770 1777 4811 tmen
1799 4750 1937 4833 plurim

584 4832 702 4893 silan.
723 4830 830 4894 bamb.
848 4854 922 4893 mm
938 4836 1012 4897 veiis
1035 4852 1140 4897 enam
1162 4854 1221 4918 tog·
1257 4837 1339 4909 dicit]
1355 4833 1498 4902 Sententia
1512 4853 1572 4898 non
1590 4832 1665 4898 redi
1680 4829 1819 4913 procedit.
1839 4832 1936 4977 Legit,
