4259 5592
528 415 621 533 ⁵276
933 384 1055 485 'DE
1110 376 1513 505 FI'NIBUS-

536 570 671 703 omnia
684 579 891 702 spernentis
915 603 1051 699 prater
1072 586 1280 689 virtutem,
1293 580 1346 669 ·&
1365 581 1547 698 uirtutem
1561 576 1684 693 ipsam
1706 576 1781 693 litis
1805 582 1930 685 laud'·

527 698 897 816 hus-mplficantit
916 701 1056 787 oratio.
1085 698 1270 813 Denique
1289 698 1372 782 hac
1394 696 1449 781 eu
1470 688 1649 812 undique
1663 699 1868 813 ¹completa
1893 702 1928 790 δι

526 820 709 935 perfeea
733 810 942 930 explicatio
963 812 1104 903 summi
1127 809 1237 902 boni
1266 811 1520 899 Hinec'atetl
1533 809 1737 925 particulas
1764 814 1927 930 am'pete

293 1027 302 1039 ,
520 938 695 1039 ··conati,
720 931 826 1018 suam
850 929 1014 1046 quisque
1029 928 1154 1017 videti
1183 926 1310 1017 voluit
1334 927 1470 1012 afferre
1494 924 1729 1015 sententiam.

466 1100 524 1119 -
724 1043 774 1134 ab
799 1043 1023 1152 Aristotele,
1043 1051 1069 1132 al
1092 1042 1367 1159 Theophrasto
1386 1039 1607 1129 mirabiliter
1623 1042 1678 1127 est
1694 1042 1849 1133 laudata
1860 1072 1928 1161 pet

467 1145 574 1252 ²5se
591 1056 826 1278 tspiaedetemm
853 1159 1017 1247 scientia.
1046 1165 1141 1247 Hoc
1159 1186 1245 1246 uno
1267 1178 1405 1272 captus
1426 1154 1592 1285 Hen'llut
1611 1154 1803 1246 scientiam
1826 1161 1928 1253 sum·

532 1308 649 1366 mum
672 1277 827 1365 bonum
849 1276 927 1362 else
950 1272 1153 1381 defendit,
1172 1301 1247 1361 nec
1268 1300 1351 1360 tem
1372 1270 1486 1357 ullam
1512 1268 1624 1357 aliam
1648 1298 1719 1386 pet
1743 1273 1780 1359 se
1809 1301 1929 1391 expe-

535 1394 707 1483 tendam
745 1389 870 1479 Multa
891 1390 977 1478 sunt
996 1389 1103 1478 dieta
1126 1388 1178 1478 ab
1197 1394 1368 1502 antiquis
1389 1386 1441 1472 de
1462 1384 1760 1475 contemnendis
1788 1418 1836 1475 ac
1859 1390 1929 1480 de-

536 1506 740 1649 spiciendit
756 1500 876 1591 'rehtu
896 1506 1087 1591 hutmnis.
1115 1510 1210 1593 Hoc
1237 1532 1363 1591 unum
1383 1500 1509 1589 Aristo
1532 1507 1681 1594 tenuit:
1707 1524 1840 1617 prater
1869 1510 1929 1592 vi-

518 1632 591 1713 ·tta'
609 1640 729 1735 atque
749 1624 909 1709 virtutes
930 1623 1086 1736 negavit
1105 1646 1187 1705 tetn
1203 1620 1280 1705 else
1297 1616 1413 1703 ullam
1428 1638 1496 1703 aut
1516 1614 1742 1732 fitgiendam
1753 1640 1845 1723 ,aut
1861 1644 1930 1708 ett-

537 1727 759 1855 pe'tendam.
802 1736 977 1823 Pomm
1006 1736 1062 1821 est
1091 1737 1116 1821 d
1142 1734 1280 1822 nostris
1304 1736 1345 1819 in
1372 1735 1418 1818 iis
1443 1728 1583 1833 rebus,
1609 1762 1698 1846 que
1717 1728 1930 1829 secundum

518 1872 523 1897 ²
539 1874 716 1940 naturam
737 1850 876 1965 essent,
891 1878 977 1937 non
994 1849 1141 1938 dolere
1168 1853 1263 1937 Hoc
1278 1852 1547 1961 Hieronymus
1567 1842 1765 1934 summum
1778 1844 1930 1937 bonum

511 1983 519 2013 ·'
535 1965 741 2055 else'dixit
768 1968 933 2053 At-veto
957 1964 1173 2078 Callipho,
1201 1964 1241 2050 dt
1267 1963 1357 2079 poll
1382 1988 1476 2047 eum
1499 1960 1732 2066 Diodotus,
1755 1964 1929 2050 eumal-

534 2106 594 2170 ter
609 2081 852 2195 voluptatem
866 2078 1114 2167 adamavilset
1125 2140 1140 2183 ,
1152 2078 1243 2163 altet
1257 2080 1488 2165 vacuitatem
1502 2073 1679 2189 doloris;
1699 2101 1835 2165 neuter
1855 2080 1930 2169 ho·

532 2183 687 2325 ’neliate'
704 2221 833 2282 carere
851 2198 1004 2309 potuit,
1025 2222 1113 2308 qua
1138 2196 1190 2277 est
1211 2196 1235 2279 a
1256 2193 1393 2331 nolitis
1417 2188 1578 2278 laudata-
1592 2194 1771 2281 maxine.
1875 2248 1878 2253 -

512 2304 1931 2551 muttuttttttuttutuath

536 2540 697 2649 dicant:
721 2534 867 2623 demde
889 2534 1175 2623 consuetudine
1192 2537 1300 2651 quast
1321 2536 1475 2623 alteram
1506 2556 1683 2625 naturam
1703 2538 1833 2643 effici,
1852 2556 1931 2655 qua

507 2653 688 2768 ''itttpulfi
718 2650 839 2738 multa
855 2649 1028 2755 faciunt,
1049 2649 1194 2737 nullam
1217 2672 1432 2765 quarentes
1453 2648 1705 2766 voluptatem
1733 2653 1856 2741 Stoici
1869 2680 1931 2739 re-

506 2770 657 2857 ²liant·
674 2770 730 2855 Hi
777 2765 911 2853 uidem
936 2784 1032 2852 non·
1045 2794 1167 2852 unam
1190 2764 1359 2879 aliquam
1378 2788 1445 2853 aut
1467 2766 1622 2853 alteram
1654 2771 1678 2855 a
1705 2764 1847 2873 nobis,
1866 2766 1931 2853 sed

506 2921 514 2949 ‚
535 2907 663 2975 totam
681 2882 733 2969 ad
748 2798 798 2967 le
815 2882 987 2995 nostram
1009 2880 1299 2994 philosophiam
1322 2881 1600 2969 narslulerunt
1628 2887 1786 2998 Atque,
1804 2905 1855 2967 ut
1868 2911 1930 2973 te-

507 3026 512 3035 ·
536 3000 633 3115 liqui
655 2997 758 3083 sures
769 3058 783 3102 ,
800 3022 935 3081 earum
959 3022 1109 3102 retum,
1129 3024 1226 3111 quas
1246 3014 1460 3110 ceperunt,¹
1475 2998 1587 3112 signa
1600 3018 1862 3085 eonunutant:
1880 2998 1933 3117 stc

495 3142 502 3150 ·
528 3112 587 3201 illi
603 3164 625 3221 ,ς
642 3114 902 3199 utseutentiis
923 3110 1062 3196 nolitis
1086 3138 1162 3226 pto
1185 3110 1260 3198 suis
1281 3134 1508 3219 uterentur,
1533 3116 1721 3217 nonum,
1743 3136 1932 3227 tanquam

526 3243 665 3314 tetum
687 3250 825 3333 notas,
847 3246 1109 3313 mutaverunt
1139 3231 1191 3312 lta
1215 3224 1307 3313 telin
1337 3230 1442 3314 uitur
1466 3226 1543 3315 sola
1559 3230 1641 3313 haec
1654 3226 1855 3342 disciplina
1867 3226 1933 3321 d·-

528 3358 614 3456 ¹gna
629 3336 1088 3455 'studiofieingeuuarum
1104 3343 1270 3446 attium,
1305 3255 1425 3458 digna
1445 3340 1640 3451 eruditis,
1681 3342 1800 3461 digna
1823 3342 1933 3441 elatis

535 3456 659 3562 viris,
679 3456 800 3572 digna
821 3455 1084 3571 principibus,
1103 3455 1225 3570 digna
1247 3459 1415 3573 tegibus.
1868 3512 1872 3519 ·

594 3579 695 3692 Q²
718 3569 815 3659 ciun
836 3569 1018 3678 dixisset,
1035 3573 1283 3689 paulumque
1310 3572 1494 3661 institisset
1506 3584 1521 3679 ,‘
1546 3572 1749 3700 Qidest‚
1770 3570 1931 3687 inquit?
2089 3592 2090 3677 l

495 3687 672 3776 *Satilhe
693 3687 814 3775 vobis-
836 3686 975 3773 videor
1004 3715 1090 3799 pto·
1103 3715 1196 3775 meo
1219 3690 1302 3803 jure
1333 3688 1377 3775 in
1392 3687 1522 3775 velitis
1544 3684 1702 3785 autibus
1724 3714 1937 3783 commen-

496 3811 504 3857 ἕ
532 3804 674 3891 tatus?
700 3807 748 3889 Et
770 3828 876 3914 ego,
897 3802 964 3887 Tu
988 3805 1319 3916 veth,-inquam,
1338 3802 1452 3909 Piso,
1471 3825 1516 3890 ut
1535 3803 1631 3918 sape
1652 3802 1764 3909 alitis,
1789 3804 1938 3889 sacho-

529 3916 676 4032 ,dieite
694 3916 893 4003 illanolse
914 3916 1110 4023 visutes,
1124 3936 1190 4025 ut,
1217 3918 1244 4002 s1
1266 3923 1330 4007 tui¹
1351 3916 1471 4034 copia,
1485 3914 1602 4005 nobis
1626 3921 1773 4032 semper
1801 3920 1939 4024 fieret,

524 4045 619 4139 ‘non
637 4030 804 4151 multtim
829 4030 972 4116 Graecis
997 4029 1293 4147 supplicandum
1320 4055 1509 4149 putarem.
1540 4032 1668 4153 Qtod
1691 4030 1854 4147 quidem
1880 4034 1938 4121 eo

528 4145 700 4257 'probavi
725 4150 848 4260 magis
859 4150 992 4261 ,quia
1019 4152 1202 4253 met'nini,
1229 4150 1394 4236 Staseam
1415 4147 1748 4263 Neapolitanum,
1781 4144 1938 4259 doeio-

521 4259 739 4346 ·remillum
753 4285 896 4365 tuum,
914 4262 1087 4349 nobilem
1114 4264 1202 4350 sane
1220 4264 1762 4381 Peripateticum-aliquanti)
1783 4261 1853 4361 illa
1874 4262 1939 4363 se·

531 4404 605 4463 ous
624 4373 752 4463 dicere
768 4376 947 4493 silitum,
972 4378 1234 4495 assentientem
1258 4384 1325 4486 iis,
1352 4379 1423 4497 qui
1441 4380 1611 4467 multum
1631 4382 1674 4466 in
1698 4378 1858 4491 fortuna
1874 4380 1939 4465 se-
2086 4370 2088 4419 ³

502 4542 508 4551 ·
533 4488 752 4577 cundaaut
772 4490 953 4597 advesst,
974 4492 1144 4581 multllm
1158 4497 1201 4579 in
1218 4495 1339 4583 bonis
1363 4520 1432 4584 aut
1458 4494 1566 4585 malis
1585 4498 1766 4609 eorporis
1800 4522 1942 4608 pone-
2087 4490 2088 4549 ἵ

491 4619 513 4714 j¹
534 4619 629 4716 rent
657 4605 720 4687 Est
738 4629 782 4690 ut
803 4606 1102 4725 dicis,·inquit:
1118 4608 1183 4695 sed
1210 4612 1293 4697 hac
1320 4609 1371 4695 ab
1398 4612 1628 4718 Antiocho,
1653 4610 1789 4697 nolito
1817 4608 1947 4695 fami-
2087 4608 2088 4621 '

427 4764 435 4780 .
520 4714 614 4812 ..lau
630 4775 657 4830 ,3
672 4715 855 4819 acuatu
875 4720 1167 4813 mutandus
1200 4721 1945 4925 &fomus,qun1astaeth‹;e.

1807 4862 1944 4928 antur.
