<?xml version="1.0" encoding="UTF-8"?>
<!DOCTYPE html PUBLIC "-//W3C//DTD XHTML 1.0 Transitional//EN"
    "http://www.w3.org/TR/xhtml1/DTD/xhtml1-transitional.dtd">
<html xmlns="http://www.w3.org/1999/xhtml" xml:lang="en" lang="en">
 <head>
  <title>
</title>
<meta http-equiv="Content-Type" content="text/html;charset=utf-8" />
  <meta name='ocr-system' content='tesseract 3.04.00' />
  <meta name='ocr-capabilities' content='ocr_page ocr_carea ocr_par ocr_line ocrx_word'/>
</head>
<body>
  <div class='ocr_page' id='page_1' title='image "./opera00cicegoog/opera00cicegoog_0093.png"; bbox 0 0 4259 5592; ppageno 0'>
   <div class='ocr_carea' id='block_1_1' title="bbox 193 430 1605 760">
    <p class='ocr_par' dir='ltr' id='par_1_1' title="bbox 193 430 1605 760">
     <span class='ocr_line' id='line_1_1' title="bbox 395 430 1605 575; baseline -0.003 -25"><span class='ocrx_word' id='word_1_1' title='bbox 395 545 396 550; x_wconf 17' lang='lat' dir='ltr'>r</span> <span class='ocrx_word' id='word_1_2' title='bbox 565 430 1128 554; x_wconf 78' lang='lat' dir='ltr'>·iuouuiua</span> <span class='ocrx_word' id='word_1_3' title='bbox 1551 491 1605 575; x_wconf 66' lang='grc' dir='ltr'><em>ῃ</em></span> 
     </span>
     <span class='ocr_line' id='line_1_2' title="bbox 193 636 1597 760; baseline -0.003 -27"><span class='ocrx_word' id='word_1_4' title='bbox 193 643 386 750; x_wconf 75' lang='lat' dir='ltr'>Deinde,</span> <span class='ocrx_word' id='word_1_5' title='bbox 410 649 507 735; x_wconf 79' lang='lat' dir='ltr'>clim</span> <span class='ocrx_word' id='word_1_6' title='bbox 530 636 868 760; x_wconf 64' lang='lat' dir='ltr'>paulit&#39;mfdigitos·⁴</span> <span class='ocrx_word' id='word_1_7' title='bbox 883 641 1187 748; x_wconf 78' lang='lat' dir='ltr'>constrinxerat,</span> <span class='ocrx_word' id='word_1_8' title='bbox 1216 642 1372 752; x_wconf 75' lang='lat' dir='ltr'>affenstrs</span> <span class='ocrx_word' id='word_1_9' title='bbox 1394 638 1597 757; x_wconf 76' lang='lat' dir='ltr'>huiulino-</span> 
     </span>
    </p>
   </div>
   <div class='ocr_carea' id='block_1_2' title="bbox 176 759 1648 3960">
    <p class='ocr_par' dir='ltr' id='par_1_2' title="bbox 176 759 1648 3960">
     <span class='ocr_line' id='line_1_3' title="bbox 197 759 1593 876; baseline -0.004 -30"><span class='ocrx_word' id='word_1_10' title='bbox 197 760 250 846; x_wconf 79' lang='lat' dir='ltr'>di</span> <span class='ocrx_word' id='word_1_11' title='bbox 282 765 388 847; x_wconf 92' lang='lat' dir='ltr'>Tum</span> <span class='ocrx_word' id='word_1_12' title='bbox 419 761 515 848; x_wconf 81' lang='lat' dir='ltr'>ciim</span> <span class='ocrx_word' id='word_1_13' title='bbox 541 762 653 873; x_wconf 72' lang='lat' dir='ltr'>plane</span> <span class='ocrx_word' id='word_1_14' title='bbox 683 759 977 872; x_wconf 68' lang='lat' dir='ltr'>compresserat,</span> <span class='ocrx_word' id='word_1_15' title='bbox 1005 768 1270 876; x_wconf 76' lang='lat' dir='ltr'>pugnumque</span> <span class='ocrx_word' id='word_1_16' title='bbox 1296 761 1466 863; x_wconf 84' lang='lat' dir='ltr'>fecerat,</span> <span class='ocrx_word' id='word_1_17' title='bbox 1494 787 1593 840; x_wconf 85' lang='lat' dir='ltr'>com-</span> 
     </span>
     <span class='ocr_line' id='line_1_4' title="bbox 189 872 1593 1000; baseline 0.001 -42"><span class='ocrx_word' id='word_1_18' title='bbox 189 876 459 985; x_wconf 72' lang='lat' dir='ltr'>preherfionem</span> <span class='ocrx_word' id='word_1_19' title='bbox 481 878 581 964; x_wconf 87' lang='lat' dir='ltr'>illam</span> <span class='ocrx_word' id='word_1_20' title='bbox 598 877 682 960; x_wconf 86' lang='lat' dir='ltr'>else</span> <span class='ocrx_word' id='word_1_21' title='bbox 703 873 867 960; x_wconf 86' lang='lat' dir='ltr'>dicebat.</span> <span class='ocrx_word' id='word_1_22' title='bbox 910 882 1002 1000; x_wconf 79' lang='lat' dir='ltr'>Qa</span> <span class='ocrx_word' id='word_1_23' title='bbox 1026 903 1075 960; x_wconf 88' lang='lat' dir='ltr'>eir</span> <span class='ocrx_word' id='word_1_24' title='bbox 1089 872 1348 986; x_wconf 88' lang='lat' dir='ltr'>similitudine</span> <span class='ocrx_word' id='word_1_25' title='bbox 1370 878 1486 958; x_wconf 88' lang='lat' dir='ltr'>etiam</span> <span class='ocrx_word' id='word_1_26' title='bbox 1514 903 1593 960; x_wconf 88' lang='lat' dir='ltr'>no·</span> 
     </span>
     <span class='ocr_line' id='line_1_5' title="bbox 194 984 1595 1108; baseline 0.001 -36"><span class='ocrx_word' id='word_1_27' title='bbox 194 996 345 1074; x_wconf 90' lang='lat' dir='ltr'>menei</span> <span class='ocrx_word' id='word_1_28' title='bbox 367 999 445 1096; x_wconf 92' lang='lat' dir='ltr'>rei,</span> <span class='ocrx_word' id='word_1_29' title='bbox 467 989 678 1108; x_wconf 74' lang='lat' dir='ltr'>quodante</span> <span class='ocrx_word' id='word_1_30' title='bbox 692 1005 775 1076; x_wconf 90' lang='lat' dir='ltr'>non</span> <span class='ocrx_word' id='word_1_31' title='bbox 796 989 939 1094; x_wconf 84' lang='lat' dir='ltr'>suerat,</span> <span class='ocrx_word' id='word_1_32' title='bbox 957 984 1159 1095; x_wconf 58' lang='lat' dir='ltr'>meilande</span> <span class='ocrx_word' id='word_1_33' title='bbox 1173 989 1369 1099; x_wconf 84' lang='lat' dir='ltr'><strong>imposuit.</strong></span> <span class='ocrx_word' id='word_1_34' title='bbox 1396 991 1505 1072; x_wconf 79' lang='lat' dir='ltr'>Cum</span> <span class='ocrx_word' id='word_1_35' title='bbox 1520 1017 1595 1074; x_wconf 87' lang='lat' dir='ltr'>au-</span> 
     </span>
     <span class='ocr_line' id='line_1_6' title="bbox 193 1102 1591 1216; baseline -0.001 -28"><span class='ocrx_word' id='word_1_36' title='bbox 193 1125 274 1188; x_wconf 88' lang='lat' dir='ltr'>tem</span> <span class='ocrx_word' id='word_1_37' title='bbox 301 1103 432 1190; x_wconf 80' lang='lat' dir='ltr'>lavam</span> <span class='ocrx_word' id='word_1_38' title='bbox 459 1106 477 1146; x_wconf 86' lang='lat'>⁸</span> <span class='ocrx_word' id='word_1_39' title='bbox 502 1133 659 1190; x_wconf 88' lang='lat' dir='ltr'>manum</span> <span class='ocrx_word' id='word_1_40' title='bbox 680 1102 927 1208; x_wconf 85' lang='lat' dir='ltr'>admoverat,</span> <span class='ocrx_word' id='word_1_41' title='bbox 952 1105 991 1190; x_wconf 87' lang='lat'>&amp;</span> <span class='ocrx_word' id='word_1_42' title='bbox 1014 1103 1119 1188; x_wconf 92' lang='lat' dir='ltr'>illum</span> <span class='ocrx_word' id='word_1_43' title='bbox 1142 1131 1326 1216; x_wconf 83' lang='lat' dir='ltr'>pugnum</span> <span class='ocrx_word' id='word_1_44' title='bbox 1347 1104 1452 1188; x_wconf 67' lang='lat' dir='ltr'>arsid</span> <span class='ocrx_word' id='word_1_45' title='bbox 1471 1105 1591 1186; x_wconf 78' lang='lat' dir='ltr'>vehe-‘</span> 
     </span>
     <span class='ocr_line' id='line_1_7' title="bbox 191 1214 1590 1331; baseline -0.001 -29"><span class='ocrx_word' id='word_1_46' title='bbox 191 1219 421 1331; x_wconf 85' lang='lat' dir='ltr'>mente‘rque</span> <span class='ocrx_word' id='word_1_47' title='bbox 434 1218 731 1331; x_wconf 81' lang='lat' dir='ltr'>compresserat,</span> <span class='ocrx_word' id='word_1_48' title='bbox 756 1218 1055 1308; x_wconf 79' lang='lat' dir='ltr'>cientiamtalem</span> <span class='ocrx_word' id='word_1_49' title='bbox 1070 1219 1146 1305; x_wconf 85' lang='lat' dir='ltr'>else</span> <span class='ocrx_word' id='word_1_50' title='bbox 1160 1214 1337 1302; x_wconf 88' lang='lat' dir='ltr'>dicebat:</span> <span class='ocrx_word' id='word_1_51' title='bbox 1353 1217 1462 1325; x_wconf 88' lang='lat' dir='ltr'>cujus</span> <span class='ocrx_word' id='word_1_52' title='bbox 1476 1245 1590 1302; x_wconf 90' lang='lat' dir='ltr'>com-</span> 
     </span>
     <span class='ocr_line' id='line_1_8' title="bbox 194 1331 1590 1446; baseline 0 -29"><span class='ocrx_word' id='word_1_53' title='bbox 194 1355 352 1444; x_wconf 87' lang='lat' dir='ltr'>potem,</span> <span class='ocrx_word' id='word_1_54' title='bbox 378 1333 445 1417; x_wconf 92' lang='lat' dir='ltr'>nisi</span> <span class='ocrx_word' id='word_1_55' title='bbox 461 1332 695 1446; x_wconf 82' lang='lat' dir='ltr'>sapientem,</span> <span class='ocrx_word' id='word_1_56' title='bbox 722 1336 798 1419; x_wconf 88' lang='lat' dir='ltr'>else</span> <span class='ocrx_word' id='word_1_57' title='bbox 820 1337 1027 1419; x_wconf 90' lang='lat' dir='ltr'>neminem.</span> <span class='ocrx_word' id='word_1_58' title='bbox 1056 1332 1160 1435; x_wconf 89' lang='lat' dir='ltr'>Sed,</span> <span class='ocrx_word' id='word_1_59' title='bbox 1181 1336 1251 1445; x_wconf 94' lang='lat' dir='ltr'>qui</span> <span class='ocrx_word' id='word_1_60' title='bbox 1267 1332 1417 1442; x_wconf 87' lang='lat' dir='ltr'>sapiens</span> <span class='ocrx_word' id='word_1_61' title='bbox 1440 1331 1507 1433; x_wconf 87' lang='lat' dir='ltr'>sit,</span> <span class='ocrx_word' id='word_1_62' title='bbox 1522 1357 1590 1417; x_wconf 86' lang='lat' dir='ltr'>aut</span> 
     </span>
     <span class='ocr_line' id='line_1_9' title="bbox 193 1443 1594 1561; baseline 0 -31"><span class='ocrx_word' id='word_1_63' title='bbox 193 1445 333 1549; x_wconf 85' lang='lat' dir='ltr'>fiierit,</span> <span class='ocrx_word' id='word_1_64' title='bbox 361 1474 410 1529; x_wconf 90' lang='lat' dir='ltr'>ne</span> <span class='ocrx_word' id='word_1_65' title='bbox 425 1447 496 1559; x_wconf 91' lang='lat' dir='ltr'>ipsi</span> <span class='ocrx_word' id='word_1_66' title='bbox 515 1447 676 1561; x_wconf 89' lang='lat' dir='ltr'>quidem</span> <span class='ocrx_word' id='word_1_67' title='bbox 694 1448 813 1535; x_wconf 84' lang='lat' dir='ltr'>solent</span> <span class='ocrx_word' id='word_1_68' title='bbox 831 1448 970 1534; x_wconf 84' lang='lat' dir='ltr'><strong>dicere.</strong></span> <span class='ocrx_word' id='word_1_69' title='bbox 999 1455 1051 1534; x_wconf 84' lang='lat' dir='ltr'>lta</span> <span class='ocrx_word' id='word_1_70' title='bbox 1076 1466 1121 1531; x_wconf 85' lang='lat' dir='ltr'>tu</span> <span class='ocrx_word' id='word_1_71' title='bbox 1137 1476 1264 1548; x_wconf 89' lang='lat' dir='ltr'>nunc,</span> <span class='ocrx_word' id='word_1_72' title='bbox 1293 1443 1454 1546; x_wconf 90' lang='lat' dir='ltr'>Catule,</span> <span class='ocrx_word' id='word_1_73' title='bbox 1479 1443 1594 1530; x_wconf 56' lang='lat' dir='ltr'>luce-⁴</span> 
     </span>
     <span class='ocr_line' id='line_1_10' title="bbox 194 1558 1585 1670; baseline 0.002 -27"><span class='ocrx_word' id='word_1_74' title='bbox 194 1587 232 1643; x_wconf 86' lang='lat' dir='ltr'>re</span> <span class='ocrx_word' id='word_1_75' title='bbox 255 1558 399 1644; x_wconf 87' lang='lat' dir='ltr'>nescis:</span> <span class='ocrx_word' id='word_1_76' title='bbox 423 1589 497 1644; x_wconf 92' lang='lat' dir='ltr'>nec</span> <span class='ocrx_word' id='word_1_77' title='bbox 522 1584 596 1667; x_wconf 91' lang='lat' dir='ltr'>tu,</span> <span class='ocrx_word' id='word_1_78' title='bbox 620 1564 830 1667; x_wconf 88' lang='lat' dir='ltr'>Hortensi,</span> <span class='ocrx_word' id='word_1_79' title='bbox 855 1566 895 1647; x_wconf 94' lang='lat' dir='ltr'>in</span> <span class='ocrx_word' id='word_1_80' title='bbox 922 1585 989 1647; x_wconf 90' lang='lat' dir='ltr'>tua</span> <span class='ocrx_word' id='word_1_81' title='bbox 1013 1561 1100 1648; x_wconf 91' lang='lat' dir='ltr'>villa</span> <span class='ocrx_word' id='word_1_82' title='bbox 1115 1589 1189 1648; x_wconf 82' lang='lat' dir='ltr'>nos</span> <span class='ocrx_word' id='word_1_83' title='bbox 1203 1563 1291 1646; x_wconf 88' lang='lat' dir='ltr'>else.</span> <span class='ocrx_word' id='word_1_84' title='bbox 1319 1566 1432 1670; x_wconf 84' lang='lat' dir='ltr'>Num</span> <span class='ocrx_word' id='word_1_85' title='bbox 1453 1563 1585 1664; x_wconf 80' lang='lat' dir='ltr'>nrinus</span> 
     </span>
     <span class='ocr_line' id='line_1_11' title="bbox 194 1671 1584 1872; baseline 0 -112"><span class='ocrx_word' id='word_1_86' title='bbox 194 1675 272 1872; x_wconf 58' lang='lat' dir='ltr'>ltqpe</span> <span class='ocrx_word' id='word_1_87' title='bbox 298 1672 491 1761; x_wconf 79' lang='lat' dir='ltr'>invidiose</span> <span class='ocrx_word' id='word_1_88' title='bbox 522 1674 706 1764; x_wconf 86' lang='lat' dir='ltr'>dicuntur</span> <span class='ocrx_word' id='word_1_89' title='bbox 719 1682 744 1760; x_wconf 73' lang='lat'><strong><em>2</em></strong></span> <span class='ocrx_word' id='word_1_90' title='bbox 770 1676 876 1764; x_wconf 84' lang='lat' dir='ltr'>bnec</span> <span class='ocrx_word' id='word_1_91' title='bbox 899 1699 1027 1768; x_wconf 86' lang='lat' dir='ltr'>tamen</span> <span class='ocrx_word' id='word_1_92' title='bbox 1046 1675 1161 1764; x_wconf 84' lang='lat' dir='ltr'>nimis</span> <span class='ocrx_word' id='word_1_93' title='bbox 1177 1675 1393 1789; x_wconf 85' lang='lat' dir='ltr'>eleganter:</span> <span class='ocrx_word' id='word_1_94' title='bbox 1408 1671 1467 1758; x_wconf 83' lang='lat' dir='ltr'>illa</span> <span class='ocrx_word' id='word_1_95' title='bbox 1493 1675 1584 1760; x_wconf 89' lang='lat' dir='ltr'>sub-</span> 
     </span>
     <span class='ocr_line' id='line_1_12' title="bbox 248 1809 1589 1873; baseline 0.003 -3"><span class='ocrx_word' id='word_1_96' title='bbox 248 1817 307 1873; x_wconf 70' lang='lat' dir='ltr'>us·</span> <span class='ocrx_word' id='word_1_97' title='bbox 1585 1809 1589 1817; x_wconf 89' lang='grc'><strong>’</strong></span> 
     </span>
     <span class='ocr_line' id='line_1_13' title="bbox 200 1900 1581 2019; baseline 0.001 -32"><span class='ocrx_word' id='word_1_98' title='bbox 200 1917 205 1928; x_wconf 88' lang='grc'>’</span> <span class='ocrx_word' id='word_1_99' title='bbox 247 1900 325 1987; x_wconf 88' lang='lat' dir='ltr'>Sed</span> <span class='ocrx_word' id='word_1_100' title='bbox 350 1929 434 2014; x_wconf 88' lang='lat' dir='ltr'>quo</span> <span class='ocrx_word' id='word_1_101' title='bbox 457 1905 586 1992; x_wconf 92' lang='lat' dir='ltr'>modo</span> <span class='ocrx_word' id='word_1_102' title='bbox 607 1907 822 2011; x_wconf 91' lang='lat' dir='ltr'>tu,siriihil</span> <span class='ocrx_word' id='word_1_103' title='bbox 835 1905 1119 2018; x_wconf 80' lang='lat' dir='ltr'>comprehendi</span> <span class='ocrx_word' id='word_1_104' title='bbox 1137 1907 1288 2019; x_wconf 77' lang='lat' dir='ltr'>pollet,</span> <span class='ocrx_word' id='word_1_105' title='bbox 1307 1905 1465 1990; x_wconf 86' lang='lat' dir='ltr'>artificia</span> <span class='ocrx_word' id='word_1_106' title='bbox 1479 1934 1581 1989; x_wconf 87' lang='lat' dir='ltr'>con-</span> 
     </span>
     <span class='ocr_line' id='line_1_14' title="bbox 191 2014 1583 2136; baseline 0.003 -36"><span class='ocrx_word' id='word_1_107' title='bbox 191 2014 320 2102; x_wconf 86' lang='lat' dir='ltr'>cidere</span> <span class='ocrx_word' id='word_1_108' title='bbox 348 2015 542 2124; x_wconf 80' lang='lat' dir='ltr'>dicebas,</span> <span class='ocrx_word' id='word_1_109' title='bbox 572 2048 701 2136; x_wconf 88' lang='lat' dir='ltr'>neque</span> <span class='ocrx_word' id='word_1_110' title='bbox 733 2023 829 2107; x_wconf 90' lang='lat' dir='ltr'>milii</span> <span class='ocrx_word' id='word_1_111' title='bbox 853 2019 998 2124; x_wconf 88' lang='lat' dir='ltr'>dabas,</span> <span class='ocrx_word' id='word_1_112' title='bbox 1023 2022 1065 2108; x_wconf 94' lang='lat' dir='ltr'>id</span> <span class='ocrx_word' id='word_1_113' title='bbox 1091 2019 1205 2136; x_wconf 92' lang='lat' dir='ltr'>quod</span> <span class='ocrx_word' id='word_1_114' title='bbox 1233 2017 1435 2132; x_wconf 82' lang='lat' dir='ltr'>probabile</span> <span class='ocrx_word' id='word_1_115' title='bbox 1460 2021 1583 2122; x_wconf 87' lang='lat' dir='ltr'>esset,</span> 
     </span>
     <span class='ocr_line' id='line_1_15' title="bbox 190 2128 1587 2246; baseline 0.002 -33"><span class='ocrx_word' id='word_1_116' title='bbox 190 2128 273 2214; x_wconf 89' lang='lat' dir='ltr'>satis</span> <span class='ocrx_word' id='word_1_117' title='bbox 296 2159 477 2246; x_wconf 85' lang='lat' dir='ltr'>magnam</span> <span class='ocrx_word' id='word_1_118' title='bbox 503 2139 582 2218; x_wconf 93' lang='lat' dir='ltr'>vim</span> <span class='ocrx_word' id='word_1_119' title='bbox 603 2131 743 2220; x_wconf 89' lang='lat' dir='ltr'>habere</span> <span class='ocrx_word' id='word_1_120' title='bbox 767 2137 819 2222; x_wconf 88' lang='lat' dir='ltr'>ad</span> <span class='ocrx_word' id='word_1_121' title='bbox 842 2158 962 2222; x_wconf 87' lang='lat' dir='ltr'>artes:</span> <span class='ocrx_word' id='word_1_122' title='bbox 983 2137 1033 2220; x_wconf 94' lang='lat' dir='ltr'>sic</span> <span class='ocrx_word' id='word_1_123' title='bbox 1051 2164 1130 2246; x_wconf 81' lang='lat' dir='ltr'>ego</span> <span class='ocrx_word' id='word_1_124' title='bbox 1152 2163 1258 2220; x_wconf 87' lang='lat' dir='ltr'>nunc</span> <span class='ocrx_word' id='word_1_125' title='bbox 1274 2129 1343 2216; x_wconf 91' lang='lat' dir='ltr'>tibi</span> <span class='ocrx_word' id='word_1_126' title='bbox 1358 2132 1481 2216; x_wconf 91' lang='lat' dir='ltr'>refero</span> <span class='ocrx_word' id='word_1_127' title='bbox 1495 2145 1587 2235; x_wconf 54' lang='lat' dir='ltr'>,ard</span> 
     </span>
     <span class='ocr_line' id='line_1_16' title="bbox 190 2243 1583 2364; baseline 0.004 -39"><span class='ocrx_word' id='word_1_128' title='bbox 190 2264 272 2326; x_wconf 87' lang='lat' dir='ltr'>teni</span> <span class='ocrx_word' id='word_1_129' title='bbox 293 2245 370 2327; x_wconf 91' lang='lat' dir='ltr'>sine</span> <span class='ocrx_word' id='word_1_130' title='bbox 395 2246 552 2332; x_wconf 82' lang='lat' dir='ltr'>scientia.</span> <span class='ocrx_word' id='word_1_131' title='bbox 567 2253 642 2335; x_wconf 85' lang='lat' dir='ltr'>else</span> <span class='ocrx_word' id='word_1_132' title='bbox 659 2279 742 2335; x_wconf 91' lang='lat' dir='ltr'>non</span> <span class='ocrx_word' id='word_1_133' title='bbox 766 2249 888 2364; x_wconf 74' lang='lat' dir='ltr'>posse.</span> <span class='ocrx_word' id='word_1_134' title='bbox 917 2256 979 2337; x_wconf 84' lang='lat' dir='ltr'>An</span> <span class='ocrx_word' id='word_1_135' title='bbox 999 2269 1199 2360; x_wconf 88' lang='lat' dir='ltr'>pateretur</span> <span class='ocrx_word' id='word_1_136' title='bbox 1218 2249 1300 2332; x_wconf 89' lang='lat' dir='ltr'>hoc</span> <span class='ocrx_word' id='word_1_137' title='bbox 1323 2243 1491 2346; x_wconf 84' lang='lat' dir='ltr'>Zeuxis,</span> <span class='ocrx_word' id='word_1_138' title='bbox 1513 2269 1583 2330; x_wconf 89' lang='lat' dir='ltr'>aut</span> 
     </span>
     <span class='ocr_line' id='line_1_17' title="bbox 192 2356 1587 2478; baseline 0.004 -39"><span class='ocrx_word' id='word_1_139' title='bbox 192 2356 376 2460; x_wconf 80' lang='lat' dir='ltr'>Phidias,</span> <span class='ocrx_word' id='word_1_140' title='bbox 399 2384 468 2446; x_wconf 88' lang='lat' dir='ltr'>aut</span> <span class='ocrx_word' id='word_1_141' title='bbox 487 2362 732 2478; x_wconf 73' lang='lat' dir='ltr'>PolycletuS,</span> <span class='ocrx_word' id='word_1_142' title='bbox 757 2362 850 2449; x_wconf 90' lang='lat' dir='ltr'>nihil</span> <span class='ocrx_word' id='word_1_143' title='bbox 886 2363 922 2448; x_wconf 91' lang='lat' dir='ltr'>se</span> <span class='ocrx_word' id='word_1_144' title='bbox 947 2364 1061 2468; x_wconf 90' lang='lat' dir='ltr'>scire,</span> <span class='ocrx_word' id='word_1_145' title='bbox 1088 2358 1182 2447; x_wconf 83' lang='lat' dir='ltr'>clim</span> <span class='ocrx_word' id='word_1_146' title='bbox 1203 2365 1245 2447; x_wconf 94' lang='lat' dir='ltr'>in</span> <span class='ocrx_word' id='word_1_147' title='bbox 1278 2361 1337 2444; x_wconf 89' lang='lat' dir='ltr'>his</span> <span class='ocrx_word' id='word_1_148' title='bbox 1359 2360 1452 2443; x_wconf 85' lang='lat' dir='ltr'>elset</span> <span class='ocrx_word' id='word_1_149' title='bbox 1476 2367 1587 2444; x_wconf 84' lang='lat' dir='ltr'>tanta</span> 
     </span>
     <span class='ocr_line' id='line_1_18' title="bbox 190 2469 1584 2598; baseline 0.002 -43"><span class='ocrx_word' id='word_1_150' title='bbox 190 2469 336 2556; x_wconf 85' lang='lat' dir='ltr'>solertia</span> <span class='ocrx_word' id='word_1_151' title='bbox 349 2476 375 2555; x_wconf 69' lang='grc'>,2</span> <span class='ocrx_word' id='word_1_152' title='bbox 393 2475 517 2598; x_wconf 77' lang='lat' dir='ltr'>Qiod</span> <span class='ocrx_word' id='word_1_153' title='bbox 543 2479 571 2562; x_wconf 93' lang='lat' dir='ltr'>si</span> <span class='ocrx_word' id='word_1_154' title='bbox 591 2505 660 2564; x_wconf 88' lang='lat' dir='ltr'>eos</span> <span class='ocrx_word' id='word_1_155' title='bbox 684 2477 875 2565; x_wconf 83' lang='lat' dir='ltr'>docuiffet</span> <span class='ocrx_word' id='word_1_156' title='bbox 899 2473 1071 2592; x_wconf 74' lang='lat' dir='ltr'>aliquis,</span> <span class='ocrx_word' id='word_1_157' title='bbox 1094 2505 1213 2592; x_wconf 86' lang='lat' dir='ltr'>quam</span> <span class='ocrx_word' id='word_1_158' title='bbox 1235 2478 1316 2562; x_wconf 93' lang='lat' dir='ltr'>vim</span> <span class='ocrx_word' id='word_1_159' title='bbox 1348 2470 1490 2559; x_wconf 85' lang='lat' dir='ltr'>habere</span> <span class='ocrx_word' id='word_1_160' title='bbox 1516 2472 1584 2558; x_wconf 91' lang='lat' dir='ltr'>di-</span> 
     </span>
     <span class='ocr_line' id='line_1_19' title="bbox 187 2587 1584 2705; baseline 0.004 -39"><span class='ocrx_word' id='word_1_161' title='bbox 187 2598 336 2669; x_wconf 86' lang='lat' dir='ltr'>ceretur</span> <span class='ocrx_word' id='word_1_162' title='bbox 359 2587 537 2692; x_wconf 85' lang='lat' dir='ltr'>scientia,</span> <span class='ocrx_word' id='word_1_163' title='bbox 573 2592 786 2678; x_wconf 82' lang='lat' dir='ltr'>desinerent</span> <span class='ocrx_word' id='word_1_164' title='bbox 810 2591 936 2678; x_wconf 82' lang='lat' dir='ltr'>irasci:</span> <span class='ocrx_word' id='word_1_165' title='bbox 963 2619 1013 2676; x_wconf 94' lang='lat' dir='ltr'>ne</span> <span class='ocrx_word' id='word_1_166' title='bbox 1049 2593 1167 2678; x_wconf 87' lang='lat' dir='ltr'>nobis</span> <span class='ocrx_word' id='word_1_167' title='bbox 1195 2589 1356 2705; x_wconf 91' lang='lat' dir='ltr'>quidem</span> <span class='ocrx_word' id='word_1_168' title='bbox 1384 2588 1584 2674; x_wconf 59' lang='lat' dir='ltr'>succensea</span> 
     </span>
     <span class='ocr_line' id='line_1_20' title="bbox 185 2695 1582 2819; baseline -0.001 -31"><span class='ocrx_word' id='word_1_169' title='bbox 185 2721 296 2800; x_wconf 82' lang='lat' dir='ltr'>rent,</span> <span class='ocrx_word' id='word_1_170' title='bbox 319 2695 410 2792; x_wconf 78' lang='lat' dir='ltr'>clim</span> <span class='ocrx_word' id='word_1_171' title='bbox 425 2700 643 2792; x_wconf 83' lang='lat' dir='ltr'>didicissent</span> <span class='ocrx_word' id='word_1_172' title='bbox 664 2707 707 2792; x_wconf 90' lang='lat' dir='ltr'>id</span> <span class='ocrx_word' id='word_1_173' title='bbox 732 2706 862 2792; x_wconf 89' lang='lat' dir='ltr'>tollere</span> <span class='ocrx_word' id='word_1_174' title='bbox 876 2734 977 2808; x_wconf 90' lang='lat' dir='ltr'>nos,</span> <span class='ocrx_word' id='word_1_175' title='bbox 1002 2705 1116 2819; x_wconf 93' lang='lat' dir='ltr'>quod</span> <span class='ocrx_word' id='word_1_176' title='bbox 1129 2703 1319 2818; x_wconf 89' lang='lat' dir='ltr'>nusquam</span> <span class='ocrx_word' id='word_1_177' title='bbox 1331 2704 1423 2788; x_wconf 80' lang='lat' dir='ltr'>esset</span> <span class='ocrx_word' id='word_1_178' title='bbox 1437 2766 1450 2807; x_wconf 96' lang='lat'>,</span> <span class='ocrx_word' id='word_1_179' title='bbox 1463 2702 1582 2817; x_wconf 86' lang='lat' dir='ltr'>quod</span> 
     </span>
     <span class='ocr_line' id='line_1_21' title="bbox 185 2814 1579 2948; baseline 0.004 -53"><span class='ocrx_word' id='word_1_180' title='bbox 185 2834 316 2896; x_wconf 89' lang='lat' dir='ltr'>autem</span> <span class='ocrx_word' id='word_1_181' title='bbox 332 2814 415 2899; x_wconf 85' lang='lat' dir='ltr'>satis</span> <span class='ocrx_word' id='word_1_182' title='bbox 427 2818 519 2901; x_wconf 81' lang='lat' dir='ltr'>esset</span> <span class='ocrx_word' id='word_1_183' title='bbox 533 2820 633 2931; x_wconf 90' lang='lat' dir='ltr'>ipsis,</span> <span class='ocrx_word' id='word_1_184' title='bbox 648 2821 871 2935; x_wconf 90' lang='lat' dir='ltr'>relinquere.</span> <span class='ocrx_word' id='word_1_185' title='bbox 903 2826 1035 2948; x_wconf 80' lang='lat' dir='ltr'>Qam</span> <span class='ocrx_word' id='word_1_186' title='bbox 1048 2824 1240 2904; x_wconf 86' lang='lat' dir='ltr'>rationem</span> <span class='ocrx_word' id='word_1_187' title='bbox 1253 2815 1446 2922; x_wconf 84' lang='lat' dir='ltr'>majorum</span> <span class='ocrx_word' id='word_1_188' title='bbox 1462 2819 1579 2900; x_wconf 86' lang='lat' dir='ltr'>etiam</span> 
     </span>
     <span class='ocr_line' id='line_1_22' title="bbox 184 2924 1583 3048; baseline 0.001 -39"><span class='ocrx_word' id='word_1_189' title='bbox 184 2924 420 3040; x_wconf 89' lang='lat' dir='ltr'>comprobat</span> <span class='ocrx_word' id='word_1_190' title='bbox 440 2929 660 3044; x_wconf 86' lang='lat' dir='ltr'>diligentia:</span> <span class='ocrx_word' id='word_1_191' title='bbox 685 2940 753 3048; x_wconf 91' lang='lat' dir='ltr'>qui</span> <span class='ocrx_word' id='word_1_192' title='bbox 775 2927 944 3046; x_wconf 82' lang='lat' dir='ltr'>primiim</span> <span class='ocrx_word' id='word_1_193' title='bbox 966 2959 1087 3042; x_wconf 71' lang='lat' dir='ltr'>furare</span> <span class='ocrx_word' id='word_1_194' title='bbox 1107 2963 1155 3015; x_wconf 83' lang='lat' dir='ltr'>ex</span> <span class='ocrx_word' id='word_1_195' title='bbox 1169 2932 1240 3034; x_wconf 80' lang='lat' dir='ltr'>sui</span> <span class='ocrx_word' id='word_1_196' title='bbox 1252 2929 1374 3012; x_wconf 75' lang='lat' dir='ltr'>aiiimi</span> <span class='ocrx_word' id='word_1_197' title='bbox 1384 2928 1583 3032; x_wconf 63' lang='lat' dir='ltr'>sententie</span> 
     </span>
     <span class='ocr_line' id='line_1_23' title="bbox 182 3041 1580 3157; baseline 0.004 -33"><span class='ocrx_word' id='word_1_198' title='bbox 182 3059 384 3156; x_wconf 86' lang='lat' dir='ltr'>quemque</span> <span class='ocrx_word' id='word_1_199' title='bbox 415 3045 646 3155; x_wconf 84' lang='lat' dir='ltr'>voluerunt:</span> <span class='ocrx_word' id='word_1_200' title='bbox 674 3047 816 3134; x_wconf 89' lang='lat' dir='ltr'>deinde</span> <span class='ocrx_word' id='word_1_201' title='bbox 842 3053 893 3132; x_wconf 90' lang='lat' dir='ltr'>ita</span> <span class='ocrx_word' id='word_1_202' title='bbox 917 3047 1058 3150; x_wconf 90' lang='lat' dir='ltr'>teneri,</span> <span class='ocrx_word' id='word_1_203' title='bbox 1068 3047 1111 3157; x_wconf 75' lang='lat' dir='ltr'><em>ſs</em></span> <span class='ocrx_word' id='word_1_204' title='bbox 1116 3047 1236 3150; x_wconf 83' lang='lat' dir='ltr'>sciens</span> <span class='ocrx_word' id='word_1_205' title='bbox 1256 3043 1440 3154; x_wconf 75' lang='lat' dir='ltr'>falleret,</span> <span class='ocrx_word' id='word_1_206' title='bbox 1463 3041 1580 3157; x_wconf 82' lang='lat' dir='ltr'>quiid</span> 
     </span>
     <span class='ocr_line' id='line_1_24' title="bbox 182 3153 1564 3274; baseline 0.004 -38"><span class='ocrx_word' id='word_1_207' title='bbox 182 3153 377 3262; x_wconf 86' lang='lat' dir='ltr'>inscientia</span> <span class='ocrx_word' id='word_1_208' title='bbox 400 3161 518 3243; x_wconf 91' lang='lat' dir='ltr'>multa</span> <span class='ocrx_word' id='word_1_209' title='bbox 537 3163 742 3246; x_wconf 88' lang='lat' dir='ltr'>versaretur</span> <span class='ocrx_word' id='word_1_210' title='bbox 762 3162 805 3246; x_wconf 88' lang='lat' dir='ltr'>iii</span> <span class='ocrx_word' id='word_1_211' title='bbox 825 3165 927 3247; x_wconf 89' lang='lat' dir='ltr'>vita:</span> <span class='ocrx_word' id='word_1_212' title='bbox 949 3181 1055 3262; x_wconf 87' lang='lat' dir='ltr'>rum,</span> <span class='ocrx_word' id='word_1_213' title='bbox 1082 3167 1151 3274; x_wconf 93' lang='lat' dir='ltr'>qui</span> <span class='ocrx_word' id='word_1_214' title='bbox 1174 3160 1438 3247; x_wconf 89' lang='lat' dir='ltr'>testimonium</span> <span class='ocrx_word' id='word_1_215' title='bbox 1454 3158 1564 3243; x_wconf 89' lang='lat' dir='ltr'>dice-</span> 
     </span>
     <span class='ocr_line' id='line_1_25' title="bbox 182 3271 1579 3388; baseline -0.003 -30"><span class='ocrx_word' id='word_1_216' title='bbox 182 3289 265 3372; x_wconf 82' lang='lat' dir='ltr'>ret,</span> <span class='ocrx_word' id='word_1_217' title='bbox 294 3293 339 3356; x_wconf 94' lang='lat' dir='ltr'>ut</span> <span class='ocrx_word' id='word_1_218' title='bbox 363 3271 542 3363; x_wconf 75' lang='lat' dir='ltr'>arbitrari</span> <span class='ocrx_word' id='word_1_219' title='bbox 565 3277 600 3360; x_wconf 90' lang='lat' dir='ltr'>se</span> <span class='ocrx_word' id='word_1_220' title='bbox 623 3275 791 3380; x_wconf 89' lang='lat' dir='ltr'>diceret,</span> <span class='ocrx_word' id='word_1_221' title='bbox 826 3280 940 3361; x_wconf 85' lang='lat' dir='ltr'>etiam</span> <span class='ocrx_word' id='word_1_222' title='bbox 966 3273 1078 3388; x_wconf 93' lang='lat' dir='ltr'>quod</span> <span class='ocrx_word' id='word_1_223' title='bbox 1097 3275 1177 3388; x_wconf 88' lang='lat' dir='ltr'>ipse</span> <span class='ocrx_word' id='word_1_224' title='bbox 1202 3274 1379 3358; x_wconf 86' lang='lat' dir='ltr'>vidisset:</span> <span class='ocrx_word' id='word_1_225' title='bbox 1404 3271 1579 3386; x_wconf 80' lang='lat' dir='ltr'>qua&#39;eque</span> 
     </span>
     <span class='ocr_line' id='line_1_26' title="bbox 179 3381 1580 3505; baseline 0.001 -39"><span class='ocrx_word' id='word_1_226' title='bbox 179 3381 287 3505; x_wconf 82' lang='lat' dir='ltr'>jurati</span> <span class='ocrx_word' id='word_1_227' title='bbox 304 3385 458 3494; x_wconf 79' lang='lat' dir='ltr'>‘judices</span> <span class='ocrx_word' id='word_1_228' title='bbox 484 3391 780 3502; x_wconf 85' lang='lat' dir='ltr'>cognovilsent,</span> <span class='ocrx_word' id='word_1_229' title='bbox 812 3413 856 3474; x_wconf 91' lang='lat' dir='ltr'>ut</span> <span class='ocrx_word' id='word_1_230' title='bbox 881 3417 926 3474; x_wconf 87' lang='lat' dir='ltr'>ea</span> <span class='ocrx_word' id='word_1_231' title='bbox 943 3417 1027 3474; x_wconf 91' lang='lat' dir='ltr'>non</span> <span class='ocrx_word' id='word_1_232' title='bbox 1050 3390 1125 3472; x_wconf 84' lang='lat' dir='ltr'>else</span> <span class='ocrx_word' id='word_1_233' title='bbox 1149 3389 1275 3492; x_wconf 75' lang='lat' dir='ltr'>faeta,</span> <span class='ocrx_word' id='word_1_234' title='bbox 1293 3383 1357 3471; x_wconf 90' lang='lat' dir='ltr'>sed</span> <span class='ocrx_word' id='word_1_235' title='bbox 1378 3408 1424 3471; x_wconf 86' lang='lat' dir='ltr'>ut</span> <span class='ocrx_word' id='word_1_236' title='bbox 1453 3383 1580 3470; x_wconf 74' lang='lat' dir='ltr'>videri</span> 
     </span>
     <span class='ocr_line' id='line_1_27' title="bbox 177 3505 1433 3614; baseline 0.008 -37"><span class='ocrx_word' id='word_1_237' title='bbox 177 3505 541 3614; x_wconf 83' lang='lat' dir='ltr'>pronuntiarent³⁵.</span> <span class='ocrx_word' id='word_1_238' title='bbox 1430 3551 1433 3555; x_wconf 49' lang='lat'><em>›</em></span> 
     </span>
     <span class='ocr_line' id='line_1_28' title="bbox 251 3609 1648 3757; baseline -0.001 -60"><span class='ocrx_word' id='word_1_239' title='bbox 251 3609 427 3718; x_wconf 80' lang='lat' dir='ltr'>Verum,</span> <span class='ocrx_word' id='word_1_240' title='bbox 449 3628 635 3728; x_wconf 92' lang='lat' dir='ltr'>quoniam</span> <span class='ocrx_word' id='word_1_241' title='bbox 657 3649 741 3705; x_wconf 90' lang='lat' dir='ltr'>nori</span> <span class='ocrx_word' id='word_1_242' title='bbox 766 3614 888 3706; x_wconf 85' lang='lat' dir='ltr'>soliim</span> <span class='ocrx_word' id='word_1_243' title='bbox 912 3641 1027 3703; x_wconf 83' lang='lat' dir='ltr'>nauta</span> <span class='ocrx_word' id='word_1_244' title='bbox 1051 3615 1259 3731; x_wconf 83' lang='lat' dir='ltr'>significat,</span> <span class='ocrx_word' id='word_1_245' title='bbox 1288 3613 1491 3701; x_wconf 83' lang='lat' dir='ltr'>sedetiam</span> <span class='ocrx_word' id='word_1_246' title='bbox 1513 3610 1570 3696; x_wconf 88' lang='lat' dir='ltr'>fa·</span> <span class='ocrx_word' id='word_1_247' title='bbox 1585 3628 1648 3757; x_wconf 50' lang='grc' dir='ltr'>’ᾗ</span> 
     </span>
     <span class='ocr_line' id='line_1_29' title="bbox 176 3703 1616 3850; baseline 0.008 -46"><span class='ocrx_word' id='word_1_248' title='bbox 176 3728 323 3850; x_wconf 82' lang='lat' dir='ltr'>vonius</span> <span class='ocrx_word' id='word_1_249' title='bbox 346 3729 425 3840; x_wconf 91' lang='lat' dir='ltr'>ipse</span> <span class='ocrx_word' id='word_1_250' title='bbox 447 3731 669 3840; x_wconf 85' lang='lat' dir='ltr'>insusurrat,</span> <span class='ocrx_word' id='word_1_251' title='bbox 687 3733 895 3849; x_wconf 84' lang='lat' dir='ltr'>navigandi</span> <span class='ocrx_word' id='word_1_252' title='bbox 917 3729 1053 3833; x_wconf 86' lang='lat' dir='ltr'>nobis,</span> <span class='ocrx_word' id='word_1_253' title='bbox 1075 3732 1258 3835; x_wconf 85' lang='lat' dir='ltr'>Luculle,</span> <span class='ocrx_word' id='word_1_254' title='bbox 1290 3753 1444 3843; x_wconf 89' lang='lat' dir='ltr'>tempus</span> <span class='ocrx_word' id='word_1_255' title='bbox 1469 3703 1616 3830; x_wconf 78' lang='lat' dir='ltr'>else,24</span> 
     </span>
     <span class='ocr_line' id='line_1_30' title="bbox 177 3836 1578 3960; baseline 0.002 -38"><span class='ocrx_word' id='word_1_256' title='bbox 177 3836 217 3922; x_wconf 75' lang='grc' dir='ltr'>ὃ(</span> <span class='ocrx_word' id='word_1_257' title='bbox 235 3847 430 3953; x_wconf 88' lang='lat' dir='ltr'>quoniam</span> <span class='ocrx_word' id='word_1_258' title='bbox 452 3845 534 3931; x_wconf 83' lang='lat' dir='ltr'>satis</span> <span class='ocrx_word' id='word_1_259' title='bbox 559 3847 675 3933; x_wconf 88' lang='lat' dir='ltr'>multa</span> <span class='ocrx_word' id='word_1_260' title='bbox 695 3848 807 3952; x_wconf 87' lang='lat' dir='ltr'>dixi,</span> <span class='ocrx_word' id='word_1_261' title='bbox 830 3849 882 3930; x_wconf 83' lang='lat' dir='ltr'>eli</span> <span class='ocrx_word' id='word_1_262' title='bbox 905 3848 1001 3932; x_wconf 91' lang='lat' dir='ltr'>milii</span> <span class='ocrx_word' id='word_1_263' title='bbox 1018 3847 1293 3960; x_wconf 85' lang='lat' dir='ltr'>perorandum.</span> <span class='ocrx_word' id='word_1_264' title='bbox 1323 3845 1487 3930; x_wconf 85' lang='lat' dir='ltr'>Posthac</span> <span class='ocrx_word' id='word_1_265' title='bbox 1508 3858 1578 3934; x_wconf 78' lang='lat' dir='ltr'>ta·¹</span> 
     </span>
    </p>
   </div>
   <div class='ocr_carea' id='block_1_3' title="bbox 178 3951 1625 4192">
    <p class='ocr_par' dir='ltr' id='par_1_3' title="bbox 178 3951 1625 4192">
     <span class='ocr_line' id='line_1_31' title="bbox 178 3951 1579 4076; baseline 0 -40"><span class='ocrx_word' id='word_1_266' title='bbox 178 3977 299 4059; x_wconf 88' lang='lat' dir='ltr'>men,</span> <span class='ocrx_word' id='word_1_267' title='bbox 328 3951 421 4040; x_wconf 80' lang='lat' dir='ltr'>ciim</span> <span class='ocrx_word' id='word_1_268' title='bbox 440 3960 521 4046; x_wconf 80' lang='lat' dir='ltr'>hac</span> <span class='ocrx_word' id='word_1_269' title='bbox 546 3990 788 4076; x_wconf 76' lang='lat' dir='ltr'>queremus,</span> <span class='ocrx_word' id='word_1_270' title='bbox 808 3956 939 4075; x_wconf 76' lang='lat' dir='ltr'>potius</span> <span class='ocrx_word' id='word_1_271' title='bbox 962 3961 1013 4045; x_wconf 90' lang='lat' dir='ltr'>de</span> <span class='ocrx_word' id='word_1_272' title='bbox 1033 3957 1329 4047; x_wconf 82' lang='lat' dir='ltr'>dissensionibus</span> <span class='ocrx_word' id='word_1_273' title='bbox 1345 3960 1457 4041; x_wconf 82' lang='lat' dir='ltr'>tantis</span> <span class='ocrx_word' id='word_1_274' title='bbox 1470 3954 1579 4036; x_wconf 68' lang='lat' dir='ltr'>sum«</span> 
     </span>
     <span class='ocr_line' id='line_1_32' title="bbox 959 4082 1625 4192; baseline 0.009 -45"><span class='ocrx_word' id='word_1_275' title='bbox 959 4082 991 4160; x_wconf 80' lang='lat' dir='ltr'>K</span> <span class='ocrx_word' id='word_1_276' title='bbox 1031 4107 1051 4184; x_wconf 82' lang='lat'><em>3</em></span> <span class='ocrx_word' id='word_1_277' title='bbox 1412 4095 1571 4153; x_wconf 82' lang='lat' dir='ltr'>morum</span> <span class='ocrx_word' id='word_1_278' title='bbox 1601 4105 1625 4192; x_wconf 27' lang='grc' dir='ltr'>ι’</span> 
     </span>
    </p>
   </div>
   <div class='ocr_carea' id='block_1_4' title="bbox 164 4306 1625 4878">
    <p class='ocr_par' dir='ltr' id='par_1_4' title="bbox 164 4306 1625 4791">
     <span class='ocr_line' id='line_1_33' title="bbox 172 4306 1545 4378; baseline 0.01 -20"><span class='ocrx_word' id='word_1_279' title='bbox 172 4320 240 4378; x_wconf 80' lang='lat' dir='ltr'>cap.</span> <span class='ocrx_word' id='word_1_280' title='bbox 266 4323 291 4359; x_wconf 93' lang='lat' dir='ltr'>i.</span> <span class='ocrx_word' id='word_1_281' title='bbox 318 4306 390 4367; x_wconf 88' lang='lat' dir='ltr'>Imer</span> <span class='ocrx_word' id='word_1_282' title='bbox 402 4313 527 4370; x_wconf 89' lang='lat' dir='ltr'>eundem</span> <span class='ocrx_word' id='word_1_283' title='bbox 543 4311 619 4371; x_wconf 89' lang='lat' dir='ltr'>hunc</span> <span class='ocrx_word' id='word_1_284' title='bbox 636 4313 797 4375; x_wconf 90' lang='lat' dir='ltr'>Diodorum</span> <span class='ocrx_word' id='word_1_285' title='bbox 822 4313 853 4372; x_wconf 87' lang='lat'>&amp;</span> <span class='ocrx_word' id='word_1_286' title='bbox 935 4315 1052 4376; x_wconf 86' lang='lat' dir='ltr'>bMan.</span> <span class='ocrx_word' id='word_1_287' title='bbox 1072 4318 1174 4376; x_wconf 85' lang='lat' dir='ltr'>Lamb.</span> <span class='ocrx_word' id='word_1_288' title='bbox 1194 4319 1246 4373; x_wconf 84' lang='lat' dir='ltr'>liaec</span> <span class='ocrx_word' id='word_1_289' title='bbox 1260 4331 1345 4370; x_wconf 76' lang='lat' dir='ltr'>imeri</span> <span class='ocrx_word' id='word_1_290' title='bbox 1361 4309 1448 4369; x_wconf 73' lang='lat' dir='ltr'>minsis</span> <span class='ocrx_word' id='word_1_291' title='bbox 1542 4355 1545 4364; x_wconf 84' lang='lat'>-</span> 
     </span>
     <span class='ocr_line' id='line_1_34' title="bbox 171 4379 1569 4474; baseline 0.007 -31"><span class='ocrx_word' id='word_1_292' title='bbox 171 4379 371 4474; x_wconf 63' lang='lat' dir='ltr'>Chrysippum</span> <span class='ocrx_word' id='word_1_293' title='bbox 382 4390 544 4471; x_wconf 82' lang='lat' dir='ltr'>magnasuit</span> <span class='ocrx_word' id='word_1_294' title='bbox 556 4392 642 4452; x_wconf 83' lang='lat' dir='ltr'>etiam</span> <span class='ocrx_word' id='word_1_295' title='bbox 655 4393 708 4467; x_wconf 57' lang='lat' dir='ltr'>dl</span> <span class='ocrx_word' id='word_1_296' title='bbox 725 4388 859 4453; x_wconf 50' lang='lat' dir='ltr'>&amp;ardwit</span> <span class='ocrx_word' id='word_1_297' title='bbox 904 4445 907 4452; x_wconf 33' lang='lat' dir='ltr'>r</span> <span class='ocrx_word' id='word_1_298' title='bbox 935 4413 982 4471; x_wconf 88' lang='lat'>35.</span> <span class='ocrx_word' id='word_1_299' title='bbox 1001 4397 1092 4454; x_wconf 81' lang='lat' dir='ltr'>Jurare</span> <span class='ocrx_word' id='word_1_300' title='bbox 1107 4418 1139 4455; x_wconf 81' lang='lat' dir='ltr'>ex</span> <span class='ocrx_word' id='word_1_301' title='bbox 1146 4397 1191 4473; x_wconf 76' lang='lat' dir='ltr'>fiii</span> <span class='ocrx_word' id='word_1_302' title='bbox 1206 4392 1442 4470; x_wconf 63' lang='lat' dir='ltr'>amiserimus.</span> <span class='ocrx_word' id='word_1_303' title='bbox 1454 4393 1569 4453; x_wconf 75' lang='lat' dir='ltr'>..videri</span> 
     </span>
     <span class='ocr_line' id='line_1_35' title="bbox 170 4472 1577 4556; baseline 0.002 -27"><span class='ocrx_word' id='word_1_304' title='bbox 170 4483 350 4534; x_wconf 69' lang='lat' dir='ltr'>contemtor</span> <span class='ocrx_word' id='word_1_305' title='bbox 362 4475 435 4544; x_wconf 88' lang='lat' dir='ltr'>quod</span> <span class='ocrx_word' id='word_1_306' title='bbox 455 4473 600 4534; x_wconf 76' lang='lat' dir='ltr'>memoria</span> <span class='ocrx_word' id='word_1_307' title='bbox 620 4479 731 4538; x_wconf 83' lang='lat' dir='ltr'>tradidit</span> <span class='ocrx_word' id='word_1_308' title='bbox 750 4477 852 4537; x_wconf 90' lang='lat' dir='ltr'>Cicero</span> <span class='ocrx_word' id='word_1_309' title='bbox 886 4478 1110 4556; x_wconf 74' lang='lat' dir='ltr'>pronuntiarent]</span> <span class='ocrx_word' id='word_1_310' title='bbox 1137 4479 1182 4535; x_wconf 84' lang='lat' dir='ltr'>De</span> <span class='ocrx_word' id='word_1_311' title='bbox 1198 4473 1249 4543; x_wconf 83' lang='lat' dir='ltr'>iis,</span> <span class='ocrx_word' id='word_1_312' title='bbox 1262 4491 1330 4551; x_wconf 77' lang='lat' dir='ltr'>quas</span> <span class='ocrx_word' id='word_1_313' title='bbox 1349 4472 1433 4529; x_wconf 82' lang='lat' dir='ltr'>Cicero</span> <span class='ocrx_word' id='word_1_314' title='bbox 1459 4491 1577 4532; x_wconf 66' lang='lat' dir='ltr'>memo-¹</span> 
     </span>
     <span class='ocr_line' id='line_1_36' title="bbox 167 4547 1625 4638; baseline 0.005 -33"><span class='ocrx_word' id='word_1_315' title='bbox 167 4548 206 4608; x_wconf 85' lang='lat' dir='ltr'>de</span> <span class='ocrx_word' id='word_1_316' title='bbox 217 4547 294 4638; x_wconf 55' lang='lat' dir='ltr'>saro</span> <span class='ocrx_word' id='word_1_317' title='bbox 307 4565 370 4625; x_wconf 86' lang='lat' dir='ltr'>cap.</span> <span class='ocrx_word' id='word_1_318' title='bbox 382 4569 408 4618; x_wconf 85' lang='lat'>7.</span> <span class='ocrx_word' id='word_1_319' title='bbox 426 4554 458 4613; x_wconf 87' lang='lat' dir='ltr'>lii</span> <span class='ocrx_word' id='word_1_320' title='bbox 475 4553 534 4612; x_wconf 78' lang='lat' dir='ltr'>aliis</span> <span class='ocrx_word' id='word_1_321' title='bbox 550 4555 636 4616; x_wconf 88' lang='lat' dir='ltr'>etiam</span> <span class='ocrx_word' id='word_1_322' title='bbox 648 4557 791 4619; x_wconf 86' lang='lat' dir='ltr'>nonnullis</span> <span class='ocrx_word' id='word_1_323' title='bbox 802 4555 854 4618; x_wconf 87' lang='lat' dir='ltr'>dis-</span> <span class='ocrx_word' id='word_1_324' title='bbox 889 4572 951 4625; x_wconf 81' lang='lat' dir='ltr'>rar,</span> <span class='ocrx_word' id='word_1_325' title='bbox 964 4554 1095 4615; x_wconf 77' lang='lat' dir='ltr'>formulis</span> <span class='ocrx_word' id='word_1_326' title='bbox 1104 4555 1169 4616; x_wconf 82' lang='lat' dir='ltr'>vide</span> <span class='ocrx_word' id='word_1_327' title='bbox 1185 4555 1335 4633; x_wconf 81' lang='lat' dir='ltr'>Cujacium</span> <span class='ocrx_word' id='word_1_328' title='bbox 1354 4551 1468 4613; x_wconf 76' lang='lat' dir='ltr'>Obsen.</span> <span class='ocrx_word' id='word_1_329' title='bbox 1480 4551 1529 4612; x_wconf 94' lang='lat' dir='ltr'>lib.</span> <span class='ocrx_word' id='word_1_330' title='bbox 1544 4555 1574 4612; x_wconf 82' lang='lat'>1..</span> <span class='ocrx_word' id='word_1_331' title='bbox 1622 4590 1625 4597; x_wconf 72' lang='grc'><strong><em>»</em></strong></span> 
     </span>
     <span class='ocr_line' id='line_1_37' title="bbox 166 4627 1578 4718; baseline 0.009 -30"><span class='ocrx_word' id='word_1_332' title='bbox 166 4627 345 4718; x_wconf 69' lang='lat' dir='ltr'>sentiebant,</span> <span class='ocrx_word' id='word_1_333' title='bbox 363 4635 439 4708; x_wconf 86' lang='lat' dir='ltr'>quod</span> <span class='ocrx_word' id='word_1_334' title='bbox 463 4651 537 4711; x_wconf 89' lang='lat' dir='ltr'>parer</span> <span class='ocrx_word' id='word_1_335' title='bbox 556 4655 599 4695; x_wconf 40' lang='lat' dir='ltr'>exv</span> <span class='ocrx_word' id='word_1_336' title='bbox 612 4641 647 4698; x_wconf 85' lang='grc' dir='ltr'>Α.</span> <span class='ocrx_word' id='word_1_337' title='bbox 664 4639 748 4702; x_wconf 84' lang='lat' dir='ltr'>Gellii</span> <span class='ocrx_word' id='word_1_338' title='bbox 767 4639 853 4702; x_wconf 71' lang='lat' dir='ltr'>Nota</span> <span class='ocrx_word' id='word_1_339' title='bbox 889 4653 949 4711; x_wconf 85' lang='lat' dir='ltr'>cap.</span> <span class='ocrx_word' id='word_1_340' title='bbox 962 4655 1009 4693; x_wconf 79' lang='lat' dir='ltr'>zi.</span> <span class='ocrx_word' id='word_1_341' title='bbox 1024 4636 1056 4694; x_wconf 90' lang='lat'>&amp;</span> <span class='ocrx_word' id='word_1_342' title='bbox 1070 4636 1120 4696; x_wconf 82' lang='lat' dir='ltr'>lib.</span> <span class='ocrx_word' id='word_1_343' title='bbox 1136 4637 1188 4696; x_wconf 85' lang='grc' dir='ltr'>ΠΙ.</span> <span class='ocrx_word' id='word_1_344' title='bbox 1200 4656 1272 4715; x_wconf 77' lang='lat' dir='ltr'>eap.</span> <span class='ocrx_word' id='word_1_345' title='bbox 1286 4653 1332 4697; x_wconf 84' lang='lat'>26.</span> <span class='ocrx_word' id='word_1_346' title='bbox 1344 4653 1385 4695; x_wconf 81' lang='lat' dir='ltr'>ac</span> <span class='ocrx_word' id='word_1_347' title='bbox 1401 4633 1578 4710; x_wconf 77' lang='lat' dir='ltr'>Biilsonium²</span> 
     </span>
     <span class='ocr_line' id='line_1_38' title="bbox 164 4709 1581 4791; baseline 0.011 -23"><span class='ocrx_word' id='word_1_348' title='bbox 164 4713 251 4768; x_wconf 73' lang='lat' dir='ltr'>Aeac.</span> <span class='ocrx_word' id='word_1_349' title='bbox 268 4709 323 4769; x_wconf 87' lang='lat' dir='ltr'>lib.</span> <span class='ocrx_word' id='word_1_350' title='bbox 341 4729 523 4791; x_wconf 80' lang='lat' dir='ltr'>iii.cap.12.</span> <span class='ocrx_word' id='word_1_351' title='bbox 544 4717 632 4779; x_wconf 80' lang='lat' dir='ltr'>iiiiii.</span> <span class='ocrx_word' id='word_1_352' title='bbox 892 4715 1231 4783; x_wconf 55' lang='lat' dir='ltr'>instituissemus..</span> <span class='ocrx_word' id='word_1_353' title='bbox 1247 4723 1341 4781; x_wconf 73' lang='lat' dir='ltr'>lnam·</span> <span class='ocrx_word' id='word_1_354' title='bbox 1371 4743 1375 4750; x_wconf 90' lang='lat'>·</span> <span class='ocrx_word' id='word_1_355' title='bbox 1393 4739 1400 4745; x_wconf 86' lang='grc'><em>·</em></span> <span class='ocrx_word' id='word_1_356' title='bbox 1577 4734 1581 4740; x_wconf 72' lang='grc'><em>“</em></span> 
     </span>
    </p>

    <p class='ocr_par' dir='ltr' id='par_1_5' title="bbox 169 4789 633 4878">
     <span class='ocr_line' id='line_1_39' title="bbox 169 4789 633 4878; baseline 0.013 -27"><span class='ocrx_word' id='word_1_357' title='bbox 169 4823 177 4832; x_wconf 81' lang='lat'><em>·</em></span> <span class='ocrx_word' id='word_1_358' title='bbox 204 4811 224 4851; x_wconf 80' lang='lat' dir='ltr'>a</span> <span class='ocrx_word' id='word_1_359' title='bbox 244 4789 362 4856; x_wconf 72' lang='lat' dir='ltr'>Lami).</span> <span class='ocrx_word' id='word_1_360' title='bbox 379 4813 489 4856; x_wconf 79' lang='lat' dir='ltr'>marium</span> <span class='ocrx_word' id='word_1_361' title='bbox 499 4813 594 4878; x_wconf 78' lang='lat' dir='ltr'>pugno-</span> <span class='ocrx_word' id='word_1_362' title='bbox 631 4791 633 4798; x_wconf 71' lang='grc'><strong>’</strong></span> 
     </span>
    </p>
   </div>
   <div class='ocr_carea' id='block_1_5' title="bbox 0 0 2134 5592">
    <p class='ocr_par' dir='ltr' id='par_1_6' title="bbox 0 0 2134 5592">
     <span class='ocr_line' id='line_1_40' title="bbox 0 0 2134 5592; baseline 0 9"><span class='ocrx_word' id='word_1_363' title='bbox 0 0 2134 5592; x_wconf 95' lang='lat' dir='ltr'> </span> 
     </span>
    </p>
   </div>
  </div>
 </body>
</html>
