4259 5592
518 420 1248 533 [IBERPRIMun
1514 460 1594 563 ςῃ

199 626 314 748 Qid
340 626 419 721 lta?
444 630 538 745 quia
561 638 637 717 ne'e
663 628 688 713 s
705 625 892 733 eciem⁶⁷‚
908 655 981 714 nec
1004 628 1117 715 usum
1146 626 1263 715 aliurn
1288 630 1466 744 quinque
1491 635 1594 726 defi.

177 746 344 832 derant.
373 751 487 833 Tuus
513 659 762 833 autenticus
786 770 870 829 non
889 742 1018 859 digito
1042 774 1129 833 uno
1151 743 1374 850 redundat,
1400 748 1464 835 sed
1485 759 1594 868 capi-

197 880 267 964 te,
295 859 400 948 collo
412 924 425 966 ,
451 860 692 966 cervicibus,
712 858 919 965 lateribus,
940 858 1056 965 alvo,
1081 884 1218 974 tergo,
1246 859 1594 973 poplitibus,'ma-

195 974 338 1079 nibus,
360 966 553 1087 pedibus,
568 971 811 1079 ¹feminibus,
830 972 1020 1061 cruribus.
1048 978 1087 1059 Si
1100 996 1144 1060 ut
1165 974 1394 1061 immortalis
1411 978 1480 1083 stt,
1497 982 1597 1097 quid

194 1094 280 1177 haec
302 1088 494 1177 advitam
518 1088 692 1195 membra
718 1098 930 1203 pertinenti
954 1086 1054 1204 quid
1076 1088 1156 1201 ipsa
1191 1088 1333 1181 facies?
1359 1098 1485 1208 Magis
1507 1096 1595 1204 illa,

193 1202 425 1310 cerebrum,
454 1236 549 1313 cor,
572 1206 806 1322 pulmones,
828 1205 955 1320 jecur:
982 1206 1065 1289 haec
1080 1208 1186 1289 enim
1207 1206 1292 1290 sunt
1313 1204 1510 1296 donncilia
1534 1213 1598 1299 vi-

193 1344 252 1408 tae.
281 1321 374 1409 Oris
399 1320 561 1436 quidem
571 1321 741 1430 ³,habitus
762 1316 814 1403 ad
836 1322 924 1405 vita
949 1316 1169 1406 firmitatem
1193 1319 1287 1407 nihil
1305 1327 1482 1434 pertinet

253 1442 304 1523 At
328 1465 400 1525 eos
425 1437 695 1551 vituperabas,
718 1438 788 1551 qui
812 1460 861 1519 ex
894 1431 1081 1545 operibus
1098 1435 1321 1551 magnificis
1344 1457 1463 1552 atque
1494 1470 1597 1554 ptae-

196 1549 330 1657 daris,
355 1559 452 1642 etim
476 1552 602 1664 ipsum
628 1549 823 1637 mundum
838 1614 851 1653 ,
866 1546 958 1635 ciun
973 1550 1053 1661 ejus
1065 1554 1262 1656 membra,
1283 1552 1440 1658 calum,
1459 1575 1597 1665 tetras,

198 1664 342 1773 maria,
369 1674 544 1778 cumque
569 1670 715 1753 horum
747 1665 931 1781 lnsrgnia,
956 1664 1101 1769 lolem,
1124 1665 1283 1770 lunam,
1316 1667 1509 1782 stellasque
1535 1673 1598 1758 vi-

198 1780 338 1867 dissent
349 1844 362 1885 ,
385 1786 562 1895 cumque
587 1786 818 1893 temporum
838 1783 1106 1883 maturitatem
1128 1787 1389 1888 mutationes,
1408 1784 1597 1875 vicissitu-

196 1896 383 2009 dinesque
408 1894 710 2011 cognovissent,
735 1892 910 2009 suspicati
936 1894 1056 1979 essent
1078 1894 1246 2010 aliquam
1259 1898 1509 1984 excellentem
1521 1904 1599 1989 esse
1694 1912 1698 1918 '

198 2011 519 2127 praestantemque
538 2033 749 2116 naturam,
773 2038 862 2125 quae
883 2010 965 2093 haec
985 2009 1161 2115 fecisset,
1194 2036 1395 2117 moveret,
1418 2041 1566 2129 regeret
1581 2050 1601 2124 ,·

200 2126 445 2242 gubernaret.
474 2130 580 2257 Qi,
602 2126 718 2211 etiam
739 2126 767 2211 st
789 2121 1006 2211 aberranti
1028 2125 1274 2233 conjebluta,
1308 2126 1428 2214 video
1466 2156 1598 2218 tamen

199 2239 299 2355 quid
321 2242 538 2354 sequantur.
568 2242 634 2327 Tu
656 2239 770 2355 quod
792 2266 897 2354 opus
922 2236 1085 2323 tandem
1107 2268 1296 2355 magnum
1329 2242 1369 2328 &
1396 2250 1598 2362 egregium

195 2352 344 2460 habes,
378 2354 492 2470 quod
514 2354 698 2461 effedlurn
721 2353 855 2441 divina
875 2374 1008 2439 mente
1018 2353 1217 2459 videatur,
1232 2383 1281 2441 ex
1305 2386 1391 2471 quo
1410 2360 1598 2448 elledeos

199 2468 410 2583 suspicere?
432 2465 662 2575 Habebam,
688 2469 844 2585 inquis,
875 2472 917 2553 ln
940 2470 1076 2554 animo
1100 2469 1249 2554 insitam
1278 2471 1598 2563 informationem

198 2582 402 2699 quandam
430 2583 506 2668 dei
535 2588 582 2670 Et
604 2583 754 2671 barbati
774 2580 937 2700 quidem
951 2581 1083 2707 lovis,
1103 2582 1255 2698 galeata
1272 2589 1469 2676 ttinervae.
1488 2590 1600 2680 Num

198 2702 317 2813 igitur
337 2698 415 2783 elle
437 2698 529 2783 tales
548 2704 699 2812 putas?

258 2818 422 2930 Quanto
444 2809 579 2899 meliits
597 2817 679 2900 hnc
703 2814 843 2929 vulgus
865 2810 1175 2927 imperitorum?
1206 2819 1277 2927 qui
1312 2848 1395 2902 non
1422 2819 1599 2911 membra

199 2928 325 3015 solum
339 2928 512 3016 hominis
534 2926 613 3015 deo
626 2924 804 3015 tribuunt
817 2990 830 3032 ,
844 2926 908 3011 sed
923 2928 1034 3013 usum
1048 2930 1166 3012 etiarn
1185 2930 1464 3020 membrorum
1490 2943 1598 3026 Dant

199 3049 305 3129 enim
327 3072 462 3130 arcum
473 3108 487 3149 ‚
505 3043 680 3158 sagittas,
703 3042 876 3149 hastam,
895 3042 1108 3157 clypeum,
1129 3041 1336 3151 fulcinam,
1356 3046 1522 3139 firlmen:
1537 3055 1598 3160 dr,

200 3160 255 3263 fi,
281 3160 452 3245 actiones
470 3189 556 3273 quae
576 3160 647 3243 srnt
666 3157 861 3262 deorum,
883 3187 968 3243 non
988 3155 1124 3244 vident
1134 3219 1149 3261 ,
1164 3159 1258 3245 nihil
1276 3184 1456 3274 agentem
1466 3194 1600 3259 tamen

201 3270 1672 3391 dmmmmwmwmssffifflffifflmmdwffimm'

203 3388 278 3473 larn
296 3386 483 3494 belluam,
510 3390 579 3474 nist
603 3386 657 3474 ob
679 3386 848 3502 aliquam
872 3386 1098 3489 utilitatem,
1111 3414 1232 3503 quam
1251 3417 1301 3474 ex
1322 3418 1367 3475 ea
1390 3422 1597 3507 caperent,

201 3506 533 3592 consecraverunt.
561 3502 676 3588 Velut
698 3502 780 3590 ibes
799 3505 1007 3588 maximam
1025 3508 1108 3589 vim
1122 3502 1354 3618 serpentium
1368 3508 1597 3619 conficiunt,

200 3624 297 3704 etim
319 3624 391 3706 srnt
417 3648 508 3704 aves
530 3618 703 3721 excelsa,
723 3615 899 3704 cruribus
916 3616 1244 3732 ,rigidisssotneo
1258 3630 1508 3739 procerdque
1531 3659 1600 3714 ro·

123 3728 1600 3850 -ίπηωωῳώπὼῂψωὼωωωῃψηαη

202 3848 327 3935 stitate
347 3850 479 3963 Libya
498 3873 624 3934 vento
636 3848 769 3941 Africo
783 3851 952 3935 inveuas
972 3845 1208 3935 interficiunt
1217 3875 1336 3964 atque
1350 3854 1599 3946 consumunt:

201 3993 253 4051 ex
268 3994 353 4082 quo
380 3969 448 4071 fit,
472 3985 516 4050 ut
537 3963 603 4050 illae
625 3990 699 4050 nee
722 3964 854 4051 morsu
872 3968 969 4051 vIvae
987 3962 1021 4003 ⁶⁸
1036 3986 1206 4052 noceant
1213 3994 1312 4071 ,nec
1334 3968 1463 4055 odore
1487 4002 1599 4061 mot-

897 4084 1127 4199 Yyyr
1511 4112 1602 4175 tua.-

1613 1480 1671 1605 Ξῖ

200 4273 243 4336 tia
264 4276 382 4337 naducit
412 4280 449 4339 ad
474 4282 533 4357 ejus
554 4278 715 4357 qualitatem
742 4278 884 4357 aliquam,
918 4278 1007 4357 ipoeie
1031 4298 1064 4340 ac
1082 4277 1203 4349 sormi,
1227 4296 1313 4355 quam
1336 4278 1421 4338 habet
1440 4299 1540 4339 manus
1558 4277 1601 4335 in·

201 4374 254 4419 aut
268 4356 419 4420 actionem.
440 4364 505 4433 Qua
525 4378 582 4421 arte
596 4380 664 4419 eum
676 4359 771 4423 solutae
781 4362 885 4423 oratio-
918 4360 1018 4423 structa
1041 4360 1164 4439 quinque
1183 4359 1278 4455 digitis
1298 4380 1308 4424 ς
1328 4376 1475 4422 contentus
1494 4360 1534 4421 est
1546 4358 1598 4421 'usu

203 4438 238 4499 ni
255 4442 389 4501 decorem
409 4440 554 4511 conciliat,
575 4439 624 4519 qui
645 4439 675 4501 in
691 4441 801 4519 podica
825 4464 886 4504 ma-
918 4460 1005 4521 quem·
1023 4444 1145 4521 praebenr
1162 4442 1244 4523 digiti
1262 4441 1394 4522 quinque.
1437 4438 1599 4523 vigitini

199 4518 283 4581 xime
299 4523 426 4585 deludat.
460 4524 490 4583 Si
506 4543 592 4602 quam
613 4524 637 4583 it
658 4524 741 4585 color
754 4522 888 4607 inspergit
919 4523 1045 4604 quinque
1059 4521 1137 4596 nint,
1159 4525 1232 4587 nihil
1255 4523 1332 4586 deest
1361 4542 1451 4603 neque
1476 4526 1513 4586 ad
1538 4520 1598 4602 spo·

200 4604 339 4664 umbram
360 4604 449 4687 stylo,
465 4625 498 4667 ea
519 4602 635 4687 legendi
650 4604 750 4666 excitat
768 4605 887 4686 diligen·
920 4607 1013 4676 ciem,
1032 4627 1123 4686 neque
1141 4610 1177 4667 ad
1191 4605 1281 4667 usum
1294 4608 1475 4667 Ariminum

201 4683 293 4756 tiam,
321 4684 353 4745 dt
376 4704 463 4770 auget
492 4689 669 4767 voluptatem
698 4686 887 4768 intelligendi
962 4695 1011 4750 68.
1031 4694 1123 4760 Viva]
1139 4680 1243 4769 Xy'stus
1252 4684 1474 4760 nenueiusnavt
1482 4683 1600 4757 malim,

200 4772 270 4849 Age
281 4766 479 4831 obituitatem
495 4770 679 4851 depellamus.
701 4770 800 4831 Homo
808 4770 889 4849 quin·
921 4769 1020 4851 inquit,
1032 4788 1064 4832 ut
1078 4772 1115 4833 ad
1127 4766 1265 4849 serpentes
1273 4767 1415 4832 referatur.
1432 4766 1512 4843 Quid
1522 4786 1602 4849 ergo,

15 4916 37 4929 ··
196 4847 625 5018 adiuuant
638 4850 888 5001 ,alatum
921 4848 1603 5021 aeramentorum-tls·
