4259 5592
584 396 1089 506 EWGUELU&
1227 435 1232 438 ·
1489 427 1546 531 φ

158 685 165 697 ⁴
216 585 415 676 ‘adversis
433 583 600 700 vestigiis
626 588 729 673 slent
748 609 883 682 contra
909 587 1038 674 nollra
1056 582 1238 703 vestigia,
1255 617 1359 706 quos
1374 592 1542 707 euripo.

252 697 429 816 vocatis?
456 705 543 787 Cur
563 702 658 787 mihi
673 702 805 816 magis
826 701 1083 807 succensetis,
1116 707 1187 813 qui
1210 703 1278 789 ista
1306 737 1390 796 non
1416 708 1543 824 asper-

126 829 129 836 '
154 825 256 920 nor,
278 817 402 928 quim
425 817 479 898 eis
490 878 504 920 ,
528 819 628 928 qui,-
645 821 741 902 curn
765 815 957 920 audiunt,
984 815 1156 927 desrpere
1178 845 1253 901 vos
1288 817 1542 915 arbitrantur?

125 924 128 950 ²
156 923 314 1046 Hicetas
331 925 367 966 ‘⁶
381 931 601 1042 Syracusius
613 993 628 1034 ,
656 954 699 1017 ut
717 935 769 1017 ait
798 930 1115 1048 Theophrastus,
1131 928 1287 1035 calum,
1311 932 1455 1039 solem,
1481 937 1545 1021 ln-

130 1057 133 1063 '
158 1073 276 1156 nam,
296 1042 412 1160 stellas
424 1106 439 1147 ‚
470 1045 603 1158 supera
625 1042 807 1160 denique·
821 1049 980 1152 omnia,
1002 1045 1097 1130 liare
1121 1044 1271 1132 censet:
1295 1075 1428 1162 neque
1447 1077 1546 1160 pra-

130 1174 135 1182 '
159 1181 214 1245 ter
238 1179 375 1244 terram
394 1185 476 1241 rem
494 1157 608 1244 ullam
630 1158 672 1244 in
684 1159 838 1249 mundo
857 1163 1032 1248 moveri:
1058 1161 1253 1273 quaecum
1269 1163 1418 1247 circum
1433 1189 1547 1247 axem

160 1270 366 1360 sesummal
393 1271 582 1360 celeritate
603 1299 802 1364 convenat
825 1278 864 1364 &
888 1297 1093 1392 torqueat,
1116 1272 1254 1357 eadem
1274 1275 1377 1359 effici
1399 1276 1546 1381 omnia,

137 1387 140 1393 ’
162 1389 265 1505 quafi
281 1389 315 1436 ¹⁷
328 1389 450 1474 stante
472 1385 569 1474 terri
594 1390 728 1478 calum
746 1411 979 1481 moveretur.
1015 1395 1146 1500 Atque
1172 1389 1252 1474 hoc
1278 1389 1394 1474 etiam
1415 1389 1547 1475 Plato-

162 1529 249 1594 nem
269 1507 311 1587 in
329 1503 480 1587 Timaeo
499 1501 627 1588 dicere
647 1505 808 1620 quidam
829 1506 1083 1603 arbitrantur,
1107 1500 1172 1585 sed
1190 1499 1544 1615 paulbobscuriirs.
1622 1511 1625 1514 ⁴

165 1615 273 1736 Qrid
288 1621 356 1720 tu,
380 1616 570 1729 Epicure?
595 1617 767 1732 loquere.
804 1627 919 1708 Putas
951 1618 1069 1704 solem
1091 1616 1167 1700 eise
1189 1617 1409 1706 tantulum?
1437 1622 1546 1730 Ego-

163 1757 210 1814 ne
228 1729 287 1820 ¹⁸?
312 1757 362 1814 ne
384 1726 442 1814 bis
496 1731 628 1818 uidem
652 1756 812 1828 tantum.
841 1734 917 1821 Sed
944 1734 1076 1819 &vos
1099 1729 1148 1814 ab
1170 1730 1235 1816 illo
1261 1730 1490 1816 irridemini:
1507 1733 1547 1816 8(

162 1846 228 1954 ipsr
254 1842 363 1928 illurn
380 1847 456 1930 vic'
485 1877 537 1931 nn
557 1844 718 1933 eluditis.
747 1848 860 1935 Liber
884 1851 1001 1964 igitur
1027 1843 1141 1930 aral
1160 1844 1327 1929 irrisrone
1350 1852 1550 1949 Socrates,

162 1955 252 2046 liber
275 1958 401 2046 Aristo
425 1961 576 2066 Chim,
597 1959 666 2073 qui
689 1961 784 2050 nihil
804 1963 967 2049 iliorum
990 1956 1071 2046 sciri
1089 1980 1201 2070 putat
1221 1960 1344 2072 posse.

148 2080 154 2089 “
184 2087 189 2096 ’
214 2071 292 2160 Sed
311 2071 430 2159 redeo
448 2071 500 2158 ad
523 2073 701 2162 animum
720 2077 929 2188 &corpus
955 2071 1095 2160 Satisne
1116 2071 1276 2157 tandem
1291 2101 1335 2157 ea
1358 2071 1548 2157 notasunt

164 2188 304 2290 nobis,
340 2215 428 2300 quar
457 2209 671 2274 nervorum
694 2210 828 2276 natura
854 2191 926 2294 lit,
952 2214 1038 2302 qua
1060 2199 1278 2278 venarum?
1305 2183 1549 2272 Tenemusne

165 2299 260 2414 quid
279 2299 598 2392 animussrtiubi
614 2301 896 2416 itidemque,
911 2305 1028 2405 sitne,
1045 2329 1110 2403 an,
1123 2323 1167 2385 ut
1178 2303 1409 2386 Dicaearcho
1423 2298 1549 2383 visum

164 2413 228 2520 est,
241 2442 293 2501 ne
304 2415 348 2498 srt
359 2411 520 2527 quidem
530 2415 627 2502 ullus
639 2428 653 2508 ἓ
666 2420 705 2502 Si
718 2417 792 2504 est:
805 2417 925 2503 trsfire
943 2437 1069 2530 partes
1081 2410 1233 2518 habeat,
1244 2439 1289 2499 ut
1300 2414 1449 2500 Platoni
1463 2411 1548 2524 pla·

164 2534 241 2616 cuit
253 2593 267 2634 ‚
290 2531 474 2633 rationis,
496 2533 585 2635 irae,
603 2530 845 2643 cupiditatis:
870 2560 920 2618 an
942 2526 1099 2641 smplex
1112 2529 1293 2642 unusque
1314 2529 1384 2622 sn?
1406 2532 1446 2612 Si
1459 2527 1548 2610 srm-

163 2641 286 2755 plex,‘
301 2638 432 2727 utrirm
455 2644 500 2729 srt
520 2643 643 2759 ignis,
666 2673 716 2730 an
740 2649 889 2749 anima,
908 2673 958 2729 an
979 2642 1129 2769 sanguis
1150 2654 1164 2733 ἓ
1187 2672 1236 2726 an
1254 2645 1318 2747 ¹⁹,
1340 2666 1385 2727 ut
1408 2643 1548 2724 Xeno-

162 2781 308 2860 crates,
327 2781 435 2840 mens
463 2757 570 2844 nullo
593 2771 789 2872 corpore?
810 2756 923 2874 quod
942 2755 1125 2868 inteligi,
1145 2756 1258 2870 quale
1280 2756 1353 2860 sn,
1379 2759 1445 2841 vix
1468 2782 1548 2867 po-

162 2873 243 2984 test
271 2874 341 2971 Et,
354 2868 560 2983 ‘quidquid
584 2873 660 2977 est,
674 2871 835 2961 mortale
855 2875 898 2958 stt
909 2933 924 2976 ,
949 2901 999 2958 an
1020 2885 1238 2963 arternum?
1269 2877 1372 2956 Nam
1398 2888 1547 2952 utram·

163 3012 242 3098 que
262 2987 302 3068 in
322 3005 470 3096 partem
493 2985 611 3070 multa
641 2984 834 3074 dicuntur.

217 3105 379 3183 Horum
403 3096 547 3211 aliquid
569 3100 695 3187 vestro
735 3104 891 3214 sapienti
921 3121 1072 3186 certum·
1094 3098 1267 3184 videtur:
1310 3097 1471 3199 nostro3
1498 3120 1548 3178 ne
1562 3119 1619 3142 ···

160 3209 263 3325 quid
290 3213 458 3298 maxime
476 3211 638 3327 quidem
659 3213 860 3328 probabile
884 3216 953 3320 srt,
970 3212 1149 3302 occurrit.
1177 3218 1230 3299 lta
1249 3212 1394 3299 suntin
1418 3207 1550 3323 pleris-
1562 3187 1620 3262 4⁰

161 3331 538 3440 quecontrarianrm
565 3333 761 3426 rationum
782 3335 888 3446 paria
909 3350 1120 3417 momenta
1533 3364 1537 3372 ·

217 3440 287 3526 Sin
308 3445 389 3554 agis
409 3437 686 3548 verecundis,
713 3445 752 3530 dr
779 3473 845 3540 rne
866 3444 1048 3548 accusas,
1072 3471 1156 3529 non
1190 3438 1302 3554 qubd
1319 3439 1405 3526 tuis
1431 3440 1551 3526 ratio·

159 3555 280 3642 nibus
302 3584 387 3646 non
411 3557 610 3662 assentiar,
632 3552 697 3642 sed
722 3561 834 3675 qubd
861 3559 999 3649 nullis:
1018 3561 1173 3644 vincam
1193 3563 1385 3642 animum:
1409 3558 1552 3668 cuique

159 3671 373 3774 assentiar,
406 3668 583 3785 deligam
627 3731 629 3738 ι
672 3701 763 3757 uern
793 3675 1056 3788 potissimum?
1083 3685 1228 3787 quern?
1255 3669 1553 3760 Democritum?

20 3879 21 3882 Ν
161 3784 316 3896 semper
342 3789 451 3870 enirn
474 3789 554 3890 (ut
579 3788 675 3875 scitis
731 3787 920 3873 studiosus
937 3787 1143 3875 nobilitatis
1170 3787 1237 3872 sui.
1266 3784 1447 3899 Urgebor
1476 3783 1553 3894 jam

20 3927 22 4014 3
161 3898 349 3984 omnium
374 3899 546 3986 vestrstm
580 3902 776 3989 convicio.
821 3905 938 3989 Tune
961 3927 1027 3988 aut
1053 3902 1167 3986 inane
1194 3900 1411 4016 quidquam
1465 3919 1553 3981 utes

20 4045 22 4072 r
156 4013 274 4115 else,
292 4010 380 4099 cirm
402 4018 455 4100 ita
478 4016 674 4128 completa
697 4016 925 4105 &conserta
946 4019 1016 4103 smt
1038 4021 1191 4118 omnia,
1214 4037 1259 4098 ut
1279 4015 1421 4124 &quo
1462 4039 1554 4096 mo-

158 4125 323 4214 vebitur
346 4155 562 4242 corporum
581 4130 718 4235 cedat,
744 4133 784 4230 ar
809 4136 888 4247 qua
916 4131 1095 4247 quidque
1120 4132 1293 4232 cesserit,
1319 4123 1554 4324 aindsiliio

939 4254 955 4334 Ι
1002 4279 1024 4334 2
1440 4268 1467 4324 u
1509 4267 1554 4323 e*-

151 4510 188 4548 ηε
209 4490 228 4550 ,²
254 4485 459 4569 Nobis'q'rridem
471 4490 527 4551 &c
585 4559 586 4569 3
880 4489 980 4571 posuit.
1000 4493 1096 4566 Itaque
1108 4487 1181 4547 nihil
1202 4485 1299 4557 refert,
1320 4505 1391 4547 num
1412 4504 1555 4544 ramerus»

195 4591 210 4630 r
216 4589 251 4639 9·
281 4573 345 4643 Aa,
367 4591 397 4629 ur
415 4566 572 4632 Xenocraier
598 4590 679 4632 mens
703 4572 773 4633 rrrrllo
792 4592 846 4650 ror·
882 4592 917 4632 an
941 4591 1014 4630 mans
1031 4571 1138 4632 dicatur
1156 4565 1275 4632 animus.
1302 4565 1376 4636 vide
1397 4563 1511 4632 Tufcui
1531 4564 1557 4640 12'

148 4654 243 4734 pore]
271 4648 397 4711 Animus
417 4671 468 4728 pro
493 4669 587 4715 mente
603 4652 768 4716 Xenocratis
787 4669 846 4712 erat
884 4675 931 4717 ιο.
949 4654 1107 4730 Davrsrua
1257 4657 1260 4662 '
1534 4678 1539 4686 ·

151 4729 285 4816 '‘vin'‘
308 4727 483 4814 Μῦδαῦ·
502 4733 683 4828 sodimis
697 4731 751 4809 affari
765 4734 810 4812 ,τέ
817 4734 855 4804 η’
