4259 5592
557 465 609 562 ,⁶
854 433 915 524 u.
971 431 1024 521 T.
1083 429 1625 525 c1cuaou1s

554 629 638 714 tuit.
666 627 775 714 Plato
797 639 925 708 autem
945 645 1065 704 omne
1084 615 1273 731 judicium
1292 621 1489 726 veritatis,
1516 617 1794 732 veritatemque
1807 617 1945 735 ipsum,

557 742 764 828 abdustam
783 735 830 823 ab
854 733 1111 849 opinionibus
1142 736 1182 820 bt
1212 739 1237 820 a
1260 735 1452 840 sensibus,
1482 733 1729 851 cogitationis
1756 732 1886 848 ipsius
1904 739 1946 822 8t

422 931 432 948 ,
557 863 695 944 mentis
719 856 795 939 esse
808 851 942 946 uoluit
971 849 1180 962 Numquid
1199 852 1344 937 horum
1355 852 1498 968 probat
1507 855 1635 938 noster
1652 851 1684 892 ³³
1701 852 1945 943 Antiochus?

558 974 617 1057 ille
639 976 735 1056 verb
759 995 809 1052 ne
832 967 1025 1075 majorum·
1050 963 1212 1079 quidem
1232 965 1403 1054 suorum.
1432 968 1510 1054 Ubi
1529 970 1634 1052 enim
1654 987 1721 1050 aut
1740 967 1947 1052 Xenocra-

557 1111 634 1172 tem
660 1087 856 1196 sequitur,
881 1081 988 1193 cujus
1010 1077 1095 1165 libri
1118 1085 1202 1165 sunt
1217 1079 1269 1164 de
1287 1089 1436 1170 ratione
1457 1078 1648 1194 loquendi
1659 1077 1770 1163 multi
1788 1081 1829 1165 &
1843 1080 1946 1165 mul-

556 1206 645 1286 tum
669 1197 850 1312 probati?
875 1217 940 1278 aut
953 1193 1078 1307 ipsum
1093 1195 1353 1301 Aristotelem,
1397 1227 1454 1282 uo
1467 1195 1648 1311 profesib
1666 1192 1760 1278 nihil
1784 1194 1838 1278 est
1850 1223 1948 1280 acu·

559 1321 661 1416 tius,
684 1311 777 1396 nihil
800 1308 989 1422 politius?
1015 1314 1037 1394 ri
1063 1310 1289 1424 Chrysippo
1315 1229 1457 1426 pedem
1482 1337 1698 1422 nunquam.
1947 1354 1951 1361 ⁴

485 1447 545 1466 ··
618 1432 700 1545 Qri
721 1453 816 1538 ergo
842 1420 1063 1508 Academici
1089 1425 1361 1535 appellamur?
1379 1457 1429 1512 an
1447 1423 1642 1513 abutimur
1672 1418 1794 1536 glorii
1813 1427 1950 1510 nomi-

486 1517 542 1596 47
561 1547 618 1628 nis
630 1545 654 1625 2
676 1565 741 1626 aut
761 1568 830 1624 cur
849 1541 1029 1650 cogimur
1048 1564 1118 1623 eos
1144 1537 1280 1652 sequi,
1301 1542 1371 1653 qui
1394 1539 1543 1626 interse
1562 1536 1771 1623 dissident?
1789 1544 1832 1623 ln
1866 1541 1952 1624 hoc‘

560 1657 667 1768 ipso,
686 1655 799 1770 quod
819 1657 859 1736 in
888 1653 1083 1736 clementis
1104 1649 1291 1742 dialectici
1314 1655 1485 1760 docent,
1510 1682 1596 1767 quo
1627 1650 1755 1738 modo
1778 1649 1949 1761 judicare

561 1792 767 1882 oporteat,
789 1794 925 1854 verum
948 1765 1131 1851 falsumne
1146 1769 1212 1873 sit,
1232 1770 1375 1882 siquid
1395 1777 1446 1855 ita
1459 1795 1685 1855 connexum
1707 1767 1781 1870 est,
1795 1787 1840 1850 ut
1850 1769 1944 1851 hoc:

560 1884 599 1968 Si
618 1886 695 1964 dies
720 1883 788 1996 cst,
811 1885 931 1968 lucet:
953 1906 1098 1994 quanta
1116 1889 1320 1969 contentio
1341 1885 1432 1969 est?
1446 1883 1564 1968 Aliter
1591 1879 1776 1966 Diodoto
1795 1883 1847 1980 ³⁴,
1876 1881 1955 1972 ali-³,
1982 1878 1987 1884 ’

560 2023 619 2085 ter
638 1998 811 2100 Philoni,
828 1997 1054 2108 Chryfippo
1069 1995 1172 2080 aliter
1189 1997 1325 2107 placet.
1354 1996 1466 2124 Qrid
1480 2001 1505 2080 ,ἲ
1517 2023 1610 2082 cum
1625 1994 1839 2096 Cleanthe,
1864 1992 1954 2112 do<

560 2117 670 2198 slore
689 2111 783 2213 suo,
808 2112 927 2224 quim
953 2108 1081 2192 multis
1105 2106 1219 2194 rebus
1237 2113 1483 2225 Chrysippus
1503 2106 1685 2196 diffidet?
1706 2106 1950 2230 Qrididuo

560 2225 620 2310 vel
642 2226 835 2337 principes
861 2221 1178 2327 dialeclicotum,
1206 2225 1461 2339 Antipater&
1484 2220 1768 2325 Archidemus,
1784 2221 1948 2333 opinio-

561 2339 684 2427 sissimi
707 2341 911 2439 homines,
939 2365 1073 2421 nonne
1096 2337 1224 2424 multis
1243 2338 1284 2424 in
1300 2340 1415 2425 rebus
1430 2335 1692 2423 dissentiunt?

621 2451 732 2573 Quid
760 2477 823 2532 me
844 2448 981 2560 igitur,
1002 2450 1183 2556 Lucule,
1206 2455 1247 2536 in
1266 2453 1453 2538 invidiam
1468 2454 1508 2536 δι
1522 2475 1710 2562 tanquam
1725 2451 1767 2534 in
1781 2455 1957 2536 concio·

563 2593 653 2650 nem
674 2592 793 2656 vocas
808 2565 888 2646 2&
912 2564 1098 2670 quidem,
1120 2586 1165 2648 ut
1183 2564 1346 2652 seditiosi
1371 2563 1517 2652 tribuni
1536 2564 1682 2667 solent,
1711 2563 1869 2648 occludi
1889 2587 1952 2650 ta-

562 2680 699 2771 bernas
724 2673 829 2786 jubes
838 2680 861 2758 2
881 2680 977 2874 (qb
1002 2681 1105 2762 enim
1129 2676 1270 2789 spesiat
1296 2678 1416 2783 illud,
1437 2683 1533 2766 cum
1556 2681 1714 2763 artificia
1740 2677 1821 2767 tolli
1845 2705 1951 2790 que-

464 2795 467 2802 ’
564 2796 655 2878 reris
683 2791 869 2892 inobis,
892 2791 928 2872 n'
947 2819 960 2872 1
982 2813 1026 2876 ut
1048 2793 1210 2902 opifices
1228 2797 1509 2879 concitentur?
1529 2791 1599 2904 qui
1618 2792 1645 2874 si
1666 2790 1844 2905 undique
1859 2821 1955 2878 om-

563 2935 632 2990 nes
646 2908 924 3008 convenerint,
947 2904 1054 2990 facite
1068 2929 1203 2990 contra
1216 2936 1289 2992 vos
1310 2908 1582 2994 incitabuntur.
1611 2909 1847 3016 Expromam
1862 2912 1949 3018 pri·

565 3024 676 3127 mum
701 3018 759 3100 illa
782 3015 995 3121 invidiosa,
1010 3017 1122 3133 qubd
1148 3047 1218 3107 eos
1234 3049 1395 3127 omnes,
1418 3021 1544 3135 quiin
1564 3024 1758 3104 concione
1782 3019 1958 3124 stabunt,

566 3131 720 3234 exsiles,
742 3130 897 3235 servos,
921 3130 1072 3216 insanos
1087 3133 1165 3217 esse
1188 3133 1341 3220 dicatis:
1364 3133 1506 3221 deinde
1529 3134 1580 3220 ad
1596 3131 1658 3218 illa
1670 3132 1953 3246 veniam,quae

568 3248 640 3351 iam
664 3273 745 3331 nou
769 3243 819 3329 ad
840 3245 1148 3349 multitudinem,
1164 3246 1229 3331 sed
1247 3248 1297 3332 ad
1310 3249 1561 3360 vosmetipsos
1576 3310 1590 3350 ,
1609 3250 1680 3442 qui
1693 3245 1843 3349 adestis,
1860 3276 1957 3360 per-

567 3360 700 3444 tinent.
728 3365 857 3472 Negat
879 3364 984 3444 enim
1009 3388 1083 3445 vos
1096 3365 1208 3447 Zeno
1223 3424 1236 3463 ,
1252 3388 1365 3476 negat
1382 3362 1598 3448 Antiochus
1628 3364 1707 3444 cire
1720 3362 1960 3474 quidquam.

568 3471 824 3668 QomodOR
844 3476 1005 3587 inquies.
1033 3479 1123 3560 Nos
1150 3480 1254 3560 enim
1271 3475 1514 3564 defendimus
1536 3539 1548 3580 ,
1568 3479 1681 3561 etiam
1713 3477 1964 3587 insipientem

567 3611 686 3671 muta
715 3589 1055 3698 comprehendere.
1194 3658 1197 3664 .

547 3715 550 3722 “
571 3762 577 3774 ·
624 3705 675 3786 At
695 3699 786 3784 scire
814 3703 959 3814 negatis
983 3729 1223 3815 quemquam
1244 3731 1324 3790 rem
1341 3705 1477 3808 ullam,
1491 3704 1561 3788 nisi
1573 3705 1803 3818 sapientem:
1819 3706 1858 3788 δι
1873 3706 1967 3790 hoc

569 3811 729 3928 quidem
749 3817 859 3900 Zeno
882 3817 991 3931 gestu
1013 3815 1256 3903 conficiebat.
1285 3826 1415 3924 Nam,
1438 3816 1531 3904 clun
1554 3821 1714 3904 extensis
1735 3817 1867 3930 digitis
1881 3817 1965 3914 ad,

567 3929 710 4014 versam
731 3957 891 4016 manum
918 3929 1156 4037 ostenderat,
1183 3935 1339 4039 Wsum,
1354 3936 1608 4047 inquiebat,
1639 3931 1862 4045 hujusmodi
1888 3938 1963 4018 est.

1823 4050 1971 4130 Dein-

611 4310 656 4380 ³3·
679 4290 766 4366 quer
785 4289 1239 4371 Antiochuswtlegaturmqler,
1276 4292 1489 4385 appellabatun
1509 4311 1550 4383 'ut
1582 4289 1814 4383 exsequentibus
1839 4289 1968 4379 pptebit.

566 4379 611 4431 r'e's
633 4367 690 4447 ipsa
709 4367 836 4469 pollulat.
857 4373 946 4430 Iucu.
1027 4429 1031 4437 ,
1088 4450 1094 4461 ι
1276 4376 1354 4445 Qum
1369 4373 1627 4463 enamPhrlonem,
1640 4371 1775 4464 Antiochi
1790 4367 2004 4458 magisnum

568 4448 1241 4619 l.{htAssiailiiilluiibllliffi
1276 4453 1622 4612 'liusl‘ssii‘iujii
1639 4450 1974 4607 &dimidii

570 4607 685 4668 multans
705 4629 715 4675 3
729 4611 808 4698 quod
820 4609 849 4667 in
864 4609 942 4672 eausa
949 4615 1056 4682 ,credo
1065 4655 1075 4682 ,
1084 4613 1136 4676 fuir
1147 4612 1240 4678 curil-
1273 4611 1376 4689 scripsit
1390 4613 1561 4694 Chryfippus
1576 4633 1628 4676 :ut
1635 4617 1749 4675 testatur
1757 4610 1887 4674 Laertius
1899 4630 1976 4675 vn.

570 4687 633 4746 lum
653 4687 709 4778 huc
727 4687 870 4778 intulerint
884 4692 1038 4779 lumbique
1048 4695 1081 4754 &
1096 4696 1240 4754 Gruterus.
1276 4713 1342 4762 191.
1362 4695 1407 4753 De
1419 4694 1538 4756 Philone
1546 4694 1598 4758 illo
1609 4695 1755 4758 dialesiico
1780 4694 1862 4771 plura
1873 4694 1974 4756 Joan.

570 4763 809 4830 SedDrodotusu
823 4769 1019 4850 intelligendus
1035 4774 1236 4854 eihquitgsus
1261 4771 1384 4836 ‘lansius
1410 4777 1447 4839 de
1469 4775 1602 4857 Scriptot
1633 4775 1704 4839 liiii.
1722 4774 1825 4838 Philus
1841 4771 1896 4835 lib.
1928 4777 1978 4840 11.

613 4879 616 4884 '
1074 4889 1077 4892 ’
1903 4873 1982 4938 “Pr
