4259 5592
584 327 1264 488 sucrinuus...⁴
1510 441 1565 521 ῃ

169 575 399 678 conturbari
421 599 632 699 negarent?
667 571 953 671 Mediocritates
987 583 1037 672 illi
1062 579 1304 700 probabant,
1328 585 1435 676 &in
1459 588 1571 676 omni

171 701 424 811 permotione
448 699 655 783 naturalem
669 695 852 784 volebant
865 699 941 782 else
956 699 1154 826 quendam
1174 700 1351 788 modurn.
1386 710 1569 818 Legimus

175 837 313 896 omnes
339 814 541 897 Crantoris
564 811 732 914 ,veteris
760 807 1006 916 Academici,
1031 812 1083 897 de
1114 812 1247 914 lussu3
1271 819 1324 900 est
1356 819 1459 902 enim
1484 849 1569 905 non

173 943 365 1039 magnus,
387 921 522 1008 verbm
546 926 752 1028 aureolus,
777 927 846 1030 &,
875 949 918 1010 ur
938 925 1146 1013 Tuberoni
1162 933 1351 1014 Panaetius
1370 933 1568 1043 praecipit,

165 1039 225 1124 ad
247 1038 413 1124 verbum
434 1036 661 1124 ediscendus
688 1039 846 1126 libellus.
874 1046 1004 1154 Atque
1025 1039 1077 1124 illi
1103 1039 1264 1153 quidem
1289 1049 1405 1128 etiam
1431 1047 1570 1129 utiliter

169 1157 196 1238 ‘i
217 1177 352 1238 natura
374 1149 556 1242 dicebant
586 1158 853 1264 permotiones
875 1151 962 1238 istas
985 1153 1124 1244 animis
1148 1155 1286 1240 nollris
1318 1155 1451 1244 datas:
1484 1184 1569 1240 me·-

168 1291 258 1352 'tum
270 1330 283 1370 ,
316 1267 479 1352 cavendi
505 1264 645 1353 causi:
669 1265 967 1354 misericordiam
990 1266 1370 1382 aegritudinemque,
1390 1271 1569 1354 clemen-

175 1379 232 1466 tia
247 1381 261 1466 τ’
281 1381 654 1493 ipsamiracundiam
665 1445 678 1486 ,
699 1381 935 1470 fortitudinis
959 1385 1067 1495 quasi
1093 1404 1222 1468 cotem
1242 1384 1328 1466 esse
1356 1381 1567 1469 dicebant:

169 1495 302 1599 reste,
324 1494 498 1600 secusne,
521 1495 608 1582 alibs
635 1495 856 1582 viderimus.
886 1502 1077 1582 Atrocitas
1103 1493 1265 1611 quidem
1294 1494 1361 1581 ista
1385 1519 1452 1582 tua
1473 1527 1569 1610 quo

178 1607 301 1694 modo
320 1608 362 1690 in
393 1633 562 1696 veterem
583 1610 832 1696 Academiam
858 1615 1062 1726 irruperit,
1083 1609 1226 1696 nescio.
1434 1616 1436 1619 ’

232 1721 293 1807 llla
314 1732 408 1812 verb
436 1726 532 1807 ferre
557 1754 641 1810 non
665 1725 850 1837 possum,
872 1754 955 1809 non
973 1731 1056 1839 qub
1080 1724 1178 1808 mihi
1204 1722 1456 1836 displiceant:
1484 1722 1569 1809 sunt

173 1841 276 1922 euim
309 1841 501 1924 Socratica
555 1838 710 1952 leraque
737 1836 920 1923 mirabilia
956 1844 1206 1942 Stoicorum,
1247 1866 1334 1951 quae
1363 1835 1568 1947 ampullosa

177 1950 447 2038 nominantur:
483 1868 553 2036 sed
580 1948 649 2037 ubi
677 1957 946 2055 Xenocrates,
971 1954 1041 2038 ubi
1066 1948 1285 2037 Aristoteles
1309 1951 1379 2037 illa
1413 1950 1565 2064 tetigit?

166 2069 249 2149 'hos
271 2070 376 2150 enirn
389 2067 495 2180 quast
517 2064 675 2151 eosdem
697 2069 771 2151 ess'e
784 2066 909 2150 vultis.
938 2064 991 2149 llli
1012 2094 1190 2174 unquam
1203 2063 1400 2165 dicerent,
1417 2065 1568 2176 sapien-

176 2199 230 2260 tes
258 2178 359 2264 solos
388 2191 521 2292 reges?
544 2179 645 2264 solos
668 2180 828 2270 divites?
846 2180 947 2266 solos
970 2178 1187 2270 formosos?
1210 2181 1364 2280 omnia,
1380 2206 1465 2291 quae
1478 2176 1569 2260 ubi-

177 2319 253 2403 que
267 2293 419 2397 essent,
442 2292 619 2404 hpientis
646 2294 741 2384 esse?
764 2298 959 2376 neminem
991 2291 1214 2404 consulem,
1235 2313 1444 2400 pretorem
1455 2353 1469 2393 ,
1492 2296 1568 2373 im-

176 2427 415 2516 peratorem,
431 2405 564 2492 nescio
579 2435 629 2490 an
652 2434 701 2490 ne
750 2405 1023 2520 uinquevirum
1042 2403 1203 2520 quidem
1222 2431 1487 2517 quemquam,
1501 2405 1564 2487 ni-

175 2517 448 2630 srh‘pientem?
477 2521 699 2632 postremb,
720 2437 847 2612 solum
862 2520 1009 2625 civem,
1033 2519 1158 2605 solum
1178 2517 1364 2608 liberum?
1380 2519 1566 2631 insipien-

175 2659 229 2716 tes
246 2660 395 2729 omnes
407 2697 420 2737 ,
445 2639 696 2748 peregrinos,
724 2631 880 2738 exules,
899 2633 1048 2736 servos,
1070 2633 1263 2724 furiosos?
1291 2629 1463 2744 denique
1477 2630 1567 2714 scri-

176 2767 242 2856 pta
263 2751 392 2858 Lycur
418 2754 460 2850 i,
485 2749 670 2852 Solonis,¹
687 2746 899 2833 duodecim
924 2745 1070 2831 tabulas
1107 2747 1280 2846 nostras,
1311 2773 1394 2829 non
1416 2746 1491 2827 else
1513 2744 1568 2828 le-

168 2869 269 2971 ges?
290 2887 338 2944 ne
357 2777 471 2945 urbes
485 2859 658 2975 denique
677 2883 744 2945 aur
766 2861 963 2965 civitates,
991 2860 1058 2944 nisi
1081 2887 1169 2970 quer
1186 2859 1305 2943 essent
1318 2857 1565 2969 sapientium?

167 2979 271 3056 -Haec
291 2973 361 3060 tibi
373 3039 386 3079 ,
409 2975 590 3081 Luculle,
611 2977 639 3061 sr
667 3003 707 3059 es
721 2976 884 3060 assensus
902 2975 1127 3076 Antiocho,
1160 2970 1336 3056 familiari·
1353 2996 1457 3074 tuo,
1485 2994 1566 3056 tam

166 3085 267 3170 sunt
279 3085 553 3193 defendenda,
602 3095 694 3175 uim
714 3089 879 3176 moeuia:
901 3091 996 3174 mihi
1011 3111 1168 3190 autem,
1185 3085 1298 3172 bono
1316 3084 1443 3170 modo
1454 3095 1567 3179 3tar'r-

172 3194 288 3305 tum,
315 3209 507 3317 quantum
529 3119 736 3289 videbitur.
1276 3207 1280 3212 ’
1475 3245 1481 3252 ·

228 3319 325 3428 Legi
345 3317 454 3430 apud
476 3317 790 3422 Clitomachum,
810 3323 904 3403 cum
928 3314 1206 3403 Carneades&
1230 3317 1383 3397 Stoicus
1412 3316 1566 3424 Dioge·
1583 3365 1640 3380 -·-

161 3451 239 3521 'nes
263 3431 315 3514 sd
339 3429 511 3518 senatum
538 3435 579 3516 in
605 3432 806 3544 Capitolio
827 3434 964 3516 llarent
976 3493 989 3534 ,
1012 3437 1057 3515 A.
1075 3428 1256 3514 Albinum
1275 3488 1288 3529 ,
1308 3428 1378 3540 qui
1400 3448 1508 3528 tum,
1524 3433 1565 3511 P.
1583 3433 1635 3507 45

153 3542 423 3658 Scipione&
460 3553 514 3632 M.
540 3547 723 3634 Marcello
746 3546 998 3646 consulibus,
1033 3569 1176 3656 praetor
1207 3542 1318 3642 esset,
1348 3567 1466 3642 eum,
1496 3544 1567 3653 qui
1598 3567 1607 3576 ·

161 3685 266 3740 cum
291 3687 370 3742 avo
396 3681 468 3746 ruo
482 3723 496 3763 ,
511 3661 689 3765 Luculle,
715 3660 846 3746 consul
866 3659 962 3762 fuit,
987 3657 1153 3742 doctum
1174 3655 1259 3741 stne
1275 3656 1478 3739 hominem
1492 3715 1506 3756 ‚
1522 3675 1567 3736 ut

166 3769 318 3856 indicat
336 3771 453 3886 ipsrus
479 3773 661 3880 historia,
685 3774 820 3887 scripta
846 3775 1002 3878 Graeci,
1027 3771 1222 3882 jocantem
1237 3767 1371 3851 dixisse
1391 3771 1564 3851 Carnea-

168 3883 233 3969 di:
270 3887 351 4000 Ego
377 3887 475 3992 ribi,
502 3888 716 3993 Carneade,
733 3911 864 3998 prator
887 3887 948 3995 ff
968 3919 1037 3968 non
1057 3884 1203 3986 videor,
1223 3881 1316 3994 quia
1324 3879 1473 3988 sapiens
1494 3909 1564 3960 non

14 4091 15 4094 p
153 4002 288 4102 sum:
308 4029 369 4082 ner
390 4004 458 4083 hec
488 4003 603 4106 urbs,
622 4033 683 4086 nec
713 4003 753 4083 in
771 4031 817 4084 ea
839 4001 981 4085 civitas.
1010 4004 1117 4084 Tum
1136 3996 1218 4098 ille,
1240 3995 1339 4078 Huir
1363 3993 1474 4079 Stoico
1496 4023 1567 4074 non

14 4113 16 4138 ¹
166 4112 326 4198 vidffis.
353 4117 593 4220 Aristoteles,
613 4143 679 4203 aut
702 4121 967 4220 Xenocrates,
995 4142 1099 4226 quos
1118 4110 1335 4198 Antiochus
1355 4105 1474 4219 sequi
1489 4138 1567 4193 vo-

161 4227 284 4333 lebat
297 4259 406 4424 ,Tuon
429 4229 699 4427 dIuIbitavisset,
722 4233 818 4343 quin
841 4225 1109 4423 &praetfflfflfr
1118 4216 1216 4309 ⁴esser
1227 4285 1241 4327 ,
1263 4224 1302 4307 8(
1321 4226 1445 4309 Roma
1459 4209 1568 4418 urbi}Z

332 4373 396 4429 om.
496 4411 505 4430 .

153 4531 258 4650 tiones
276 4585 566 4666 affirmareinlsngua
582 4581 688 4648 Latina.
710 4585 773 4642 Hoc
784 4579 855 4640 sem·
897 4569 1230 4662 commentariislliuguae
1248 4570 1356 4661 ,ΟΜ
1386 4546 1569 4659 exemplis&

152 4692 211 4750 per
235 4689 347 4730 verum
364 4690 424 4731 non
443 4665 494 4729 else
514 4665 611 4728 docuit
634 4663 719 4725 eriam
741 4661 854 4723 Nonius
899 4655 1038 4747 Cicerone
1049 4652 1310 4742 pluribus.,.qurbus
1329 4651 1394 4712 adds
1411 4649 1570 4726 possusum-⁴

150 4773 191 4818 εκ
222 4756 397 4833 Vettones,
425 4749 459 4814 ὅ(
482 4749 602 4828 Budaeus
626 4745 719 4828 noller
743 4743 774 4807 in
793 4741 856 4820 -suis
899 4736 975 4802 uun
992 4735 1046 4815 alu
1064 4757 1076 4817 5
1094 4752 1178 4816 quare
1200 4731 1438 4839 mhrlhscmuto.
1457 4730 1570 4802 Fure,
