4259 5592
533 444 616 547 ,n
830 418 1623 511 ruscussnnunm

527 614 797 719 ruerint,s1ue
818 608 893 695 ulla
916 604 1163 695 dubitatione
1186 604 1399 692 hnentnr?
1419 606 1482 691 Est
1503 607 1685 721 professi)
1699 605 1818 696 animi
1836 606 1920 699 mei

468 820 472 829 ,
525 734 659 821 dicina
680 726 948 844 philosophia:
973 725 1083 837 cujus
1102 720 1287 811 auxilium
1307 749 1419 825 non,
1435 742 1479 807 ut
1497 726 1539 806 in
1558 722 1739 835 corporis
1758 730 1919 836 morbis,

525 846 743 977 petendum
763 842 817 924 est
833 840 948 925 ibris:
967 836 1230 951 omnibusque
1250 832 1417 951 opibus,
1441 834 1680 953 viribusque,
1691 861 1735 924 ut
1749 844 1918 930 nolinet·

525 965 598 1078 1ps1
619 961 735 1047 nobis
755 952 901 1041 mederi
923 956 1130 1068 possimus,
1158 949 1439 1039 elaborandum
1465 956 1528 1037 est.
1801 1027 1806 1033 .

627 1101 828 1186 umquam
842 1069 906 1154 de
932 1069 1105 1156 universa
1134 1066 1407 1180 philosophia,
1428 1090 1672 1181 quantopere
1701 1072 1918 1185 expetenda

521 1186 618 1279 'esset
714 1184 900 1288 colenda,
925 1185 1029 1290 saris,
1062 1208 1107 1270 ut
1128 1180 1319 1283 arbitror,
1351 1182 1503 1267 dibium
1534 1184 1656 1269 estin
1686 1183 1918 1277 Hortensio.-

520 1300 592 1392 ‘De
605 1304 785 1392 maximis
802 1324 931 1387 autem
955 1299 1071 1386 rebus
1095 1298 1188 1385 nihil
1210 1298 1289 1380 seri:
1303 1296 1570 1383 intermisrmus
1591 1301 1728 1413 postea
1750 1330 1825 1387 nec
1841 1304 1917 1389 dis-

522 1416 688 1535 putare,
717 1445 789 1503 nec
815 1414 985 1502 scribere.
1014 1421 1088 1501 His
1107 1434 1239 1499 autem
1253 1409 1357 1495 libris
1373 1413 1548 1525 exposita
1577 1416 1665 1500 sunt
1686 1444 1754 1520 ea,
1780 1426 1917 1531 quai

518 1536 643 1624 ‘nobis
670 1564 762 1621 cum
774 1529 1019 1619 familiaribus
1034 1530 1172 1616 nostris
1193 1533 1234 1613 in
1247 1523 1468 1611 Tusculamo
1491 1550 1600 1613 erant
1611 1529 1812 1643 disputata.
1840 1534 1915 1617 Sed

519 1646 717 1765 'quoniam
743 1644 904 1737 duobus
924 1642 1187 1759 superioribus
1220 1642 1422 1729 demone
1445 1641 1560 1728 &de
1595 1644 1736 1732 dolore
1766 1646 1915 1735 diurni

520 1766 602 1869 est,
625 1764 757 1851 tertius
783 1761 866 1849 dies
881 1759 1154 1875 disputationis
1177 1764 1257 1848 hoc
1280 1761 1435 1843 tertium
1454 1757 1646 1860 ‚volumen
1678 1761 1830 1849 efficiet.
1865 1770 1915 1850 Ut

519 1884 627 1967 enirn
648 1885 688 1965 in
705 1876 959 1973 ,Academiam
972 1882 1140 1964 nostram
1152 1872 1446 1976 descendbnus,
1461 1873 1643 1961 inclinato
1663 1876 1737 1986 iam
1753 1881 1792 1961 in
1804 1879 1914 1989 post-
1949 1962 1954 1972 ,

520 1994 781 2099 meridianum
800 2016 953 2105 tempus
978 1992 1065 2097 die,
1095 1992 1261 2105 poposci
1280 2016 1420 2105 eorum
1443 1987 1637 2101 aliquem,
1653 1994 1721 2105 qui
1739 1990 1909 2098 aderant,

517 2102 677 2195 'causam
694 2106 915 2195 dilserendi.
944 2111 1049 2193 Tum
1071 2134 1130 2190 res
1154 2110 1238 2191 atra
1258 2104 1309 2190 src
1331 2104 1396 2190 est.
1895 2128 1903 2135 ·

447 2238 509 2359 ''5'‘
578 2230 808 2312 Auurror.
837 2220 1000 2311 Videtur
1013 2223 1108 2307 mihi
1122 2222 1260 2307 cadere
1275 2218 1316 2302 in
1332 2216 1539 2333 sapientem
1549 2220 1757 2336 aegritudo.
1786 2226 1911 2309 Musss

520 2370 618 2425 cus.
647 2345 759 2425 Num
786 2332 940 2452 reliquae
960 2363 1127 2452 quoque
1155 2332 1465 2450 perturbationes
1489 2338 1629 2440 animi,
1660 2337 1912 2444 formidines,

519 2453 725 2567 libidines,
749 2452 983 2543 iracundiae?
1004 2459 1100 2538 Hac
1125 2457 1229 2537 enim
1256 2450 1335 2535 seri
1359 2448 1445 2534 fimt
1459 2448 1672 2559 ejus-nodi,
1700 2482 1790 2565 quas
1805 2453 1910 2540 Grn-¹

517 2563 676 2653 dvali
693 2567 909 2681 appellant:
934 2596 1013 2680 ego
1040 2590 1219 2681 poteram
1242 2561 1427 2669 morbos,
1452 2565 1558 2649 &id
1584 2565 1750 2653 verbum
1775 2570 1909 2653 'efferi

517 2681 666 2782 verb03
693 2682 757 2783 sed
784 2686 825 2767 in
848 2680 1168 2769 consuetudinem
1190 2682 1359 2769 nostram
1384 2708 1467 2765 non
1490 2680 1654 2769 cader‘er.
1681 2688 1785 2768 Nam
1800 2682 1907 2768 mise'-

517 2795 618 2904 reri,
640 2798 814 2891 invidere
832 2861 846 2902 ,
867 2798 1027 2911 gestire,
1046 2795 1163 2883 laetari
1175 2860 1188 2901 ,
1211 2800 1293 2882 hac
1317 2801 1450 2881 omnia
1469 2796 1611 2880 morbos
1625 2804 1754 2884 'Graci
1776 2798 1908 2912 appelss

518 2911 620 3017 lant,
645 2938 784 3021 motus
803 2912 922 2999 arrimi
939 2912 1082 3001 rationi
1101 2941 1186 2999 non
1214 2912 1563 3025 obtemperantest,
1579 2942 1654 2998 nos
1677 2939 1809 3021 autem
1834 2918 1908 3020 hos

517 3028 678 3113 eosdem
707 3050 841 3115 motus
858 3031 1045 3116 ,concitati
1074 3030 1217 3133 animi,
1244 3028 1348 3113 rede
1359 3089 1373 3130 ,
1395 3050 1442 3113 ut
1463 3033 1633 3139 opinor,
1655 3031 1910 3139 perturbatio.-

517 3142 581 3223 'nes
608 3142 849 3241 dixerimusr,
864 3142 1030 3229 morbos
1050 3167 1182 3229 autern
1206 3172 1289 3227 non
1315 3140 1399 3227 satis
1416 3141 1569 3229 usitate:
1591 3143 1659 3227 nist
1685 3144 1785 3258 quid
1806 3144 1909 3231 aliud

515 3254 588 3345 ribi
610 3256 778 3343 videtur.
808 3270 1037 3356 Auorrou
1067 3260 1167 3345 Mihi
1187 3262 1282 3345 verb
1295 3260 1368 3341 isto
1387 3255 1527 3344 modo.
1554 3264 1763 3345 Mnrrcus.
1783 3266 1907 3363 ,Hac-

514 3372 604 3463 ‘cine
628 3373 746 3487 igitur
769 3372 913 3458 cadere
933 3378 976 3459 in
994 3373 1206 3487 sapientem
1228 3375 1373 3485 puras?
1393 3372 1621 3459 nonnos.
1650 3378 1808 3460 Prorsus
1824 3380 1907 3461 exi-

513 3489 642 3573 stimo·
671 3496 873 3574 Marcus.
902 3494 976 3575 Noe
988 3489 1055 3573 ista
1068 3488 1237 3603 gloriosa
1256 3490 1437 3601 sapientia
1449 3517 1532 3571 non
1550 3489 1698 3601 magno
1715 3490 1907 3577 aestiman-

515 3602 567 3697 da
593 3604 671 3708 est,
693 3602 915 3717 siquidem
940 3634 1025 3689 non
1047 3602 1216 3689 multum
1236 3602 1368 3688 differt
1395 3599 1444 3689 ab
1480 3604 1630 3689 inhnia
1673 3612 1905 3691 Aunrror.

508 3714 659 3841 'Qidi
680 3714 749 3804 ribi
770 3718 940 3815 omnisne
957 3724 1075 3804 animi
1096 3720 1321 3815 commotio
1333 3715 1488 3804 videtur
1499 3718 1677 3805 insania?
1696 3725 1904 3807 Marcus

511 3837 611 3919 Non
632 3836 728 3918 mihi
751 3832 914 3946 quidem
938 3832 1027 3920 soli:
1049 3833 1141 3937 sed,
1161 3832 1203 3917 id
1225 3831 1340 3948 quod
1362 3832 1539 3919 admirari
1553 3834 1649 3949 saepe
1664 3834 1798 3940 soleo,
1819 3837 1905 3921 mal

507 3944 659 4052 juribus
680 3976 845 4063 quoque
872 3951 1007 4033 noslris
1030 3950 1110 4046 hoc
1128 3948 1182 4034 ita
1201 3948 1324 4052 visum
1346 3948 1517 4071 intelligo
1537 3949 1667 4055 multis
1689 3950 1820 4037 seculis
1835 3982 1904 4055 an·¹

509 4082 550 4153 te
576 4070 800 4157 Socratem:
823 4068 846 4149 ai
873 4093 960 4179 quo
977 4066 1062 4151 haec
1091 4068 1244 4167 omnis,
1263 4092 1350 4177 quae
1382 4066 1436 4155 est
1459 4065 1610 4153 devita
1637 4067 1678 4152 &
1701 4064 1753 4151 de
1780 4074 1904 4155 mori-

509 4176 610 4283 bus,
635 4177 880 4292 philosophia
901 4184 1082 4265 manavit.
1111 4187 1340 4268 Au'orrorr.
1369 4188 1561 4302 Qonam
1575 4180 1735 4268 tandem
1750 4174 1901 4293 modo.l

510 4298 720 4404 M-,nrrcus
741 4293 859 4431 Qia
885 4323 1034 4382 nomen
1060 4293 1210 4393 insania
1235 4294 1421 4408 significat
1444 4301 1583 4385 mentis
1607 4304 1903 4411 aegrotationen'r

511 4408 551 4495 8(
573 4404 786 4515 morbum,
808 4410 850 4496 rd
870 4412 953 4515 est,
975 4410 1211 4497 insanitatem
1226 4414 1254 4513 ⁵,
1274 4413 1313 4496 bt
1332 4414 1602 4526 aegritudinem
1615 4411 1760 4518 animi,
1779 4441 1901 4528 quam

510 4523 749 4634 appellarunt
775 4525 1147 4625 insariam..anes
1172 4529 1640 4643 autem1permrbationes
1661 4532 1781 4616 animi
1792 4560 1901 4623 mora

1822 4644 1895 4733 bos

553 4825 583 4889 s·
605 4809 771 4892 molem
791 4822 803 4891 r
825 4818 901 4901 rin
921 4824 1117 4911 runcum
1135 4806 1366 4907 arturus.
1439 4910 1446 4923 ,
