4259 5592
440 390 1300 531 urunxsncunnns,
1495 450 1568 555 ι’ςι

194 682 199 689 -
227 634 328 717 Sunt
354 628 458 715 enim
484 626 585 713 levia
607 629 647 716 δι
667 626 916 744 perinfirma,
940 654 1030 739 quae
1058 622 1286 712 dicebantur
1302 626 1336 709 ’ai
1360 644 1434 731 te,
1474 632 1572 715 ciun

171 743 292 835 animi
305 742 544 830 conscienrii
561 742 767 856 improbos
787 740 1024 845 excruciari,
1045 765 1132 827 tum
1157 740 1272 825 etiam
1297 767 1420 849 poena
1442 740 1565 829 timo-

171 890 233 963 re;
256 854 336 973 quai
353 881 423 945 aut
440 860 683 962 afficiuntur,
699 881 767 944 aut
791 855 938 967 semper
968 853 1054 941 sunt
1075 862 1117 945 in
1138 878 1246 940 metu
1256 903 1271 959 ,·
1284 881 1334 935 ne
1356 855 1573 949 afficiantur

170 971 394 1091 aliquando.
419 977 530 1059 Non
555 995 713 1084 oportet
737 971 945 1076 timidum,
961 977 1037 1055 au't
1060 970 1258 1059 imbecillo
1281 968 1414 1057 animo
1443 968 1573 1086 fingi;

121 1130 126 1145 ·
171 1122 254 1179 non
283 1088 436 1173 bonum
459 1086 571 1172 illum
594 1090 751 1192 virum,
774 1088 871 1200 qui,
891 1082 1092 1202 quidquid
1122 1086 1287 1189 fecerit,
1310 1084 1391 1197 ipse
1417 1081 1570 1176 secru-

90 1308 91 1313 Ν
172 1206 275 1307 ciet,
295 1206 509 1313 omniaque
532 1200 742 1289 formidet:
764 1200 829 1285 sed
855 1200 987 1288 omnia
1007 1199 1141 1286 callide
1160 1200 1386 1285 referentem
1409 1196 1461 1280 ad
1484 1210 1564 1291 uti.

170 1322 336 1421 litatem,
356 1336 515 1401 acutum
527 1379 542 1419 ,
564 1314 784 1418 versutum,
811 1338 1093 1419 veteratorem,
1117 1315 1227 1402 facile
1258 1334 1302 1397 ut
1330 1320 1566 1426 excogitet,

172 1465 253 1549 quo
279 1430 409 1517 modo
430 1429 610 1537 occulte,
635 1431 714 1516 nne
741 1434 858 1537 teste,
879 1432 958 1516 sine
984 1430 1064 1516 ullo
1096 1429 1254 1516 conscio
1275 1426 1383 1513 fallar.
1430 1428 1501 1517 An
1520 1452 1572 1518 tu*

171 1546 303 1633 mede
326 1551 367 1633 L.
389 1540 550 1631 Tubulo
573 1566 686 1657 putas
709 1546 865 1636 dicere?
887 1550 982 1660 qui,
1008 1550 1105 1632 crim
1132 1565 1274 1657 prator
1304 1543 1564 1657 questionem

172 1666 275 1751 inter.
285 1662 435 1745 ficarios
458 1660 710 1764 exercuisset,
730 1666 782 1749 ita
804 1663 934 1775 aperti
957 1666 1059 1775 cepit
1074 1662 1258 1775 pecunias
1278 1657 1334 1742 ob
1354 1686 1434 1742 rem
1455 1658 1568 1765 iudi·

171 1776 361 1878 eandam,
382 1797 428 1859 nt
449 1801 555 1860 anno
581 1778 768 1887 proximo
792 1780 833 1861 P.
852 1774 1046 1879 Scaevola,
1068 1772 1248 1859 tribunus
1269 1769 1418 1883 plebis,
1442 1772 1570 1859 ferret

171 1891 217 1977 ad
238 1890 416 2003 plebem,
435 1890 628 1975 Vellbnrne
648 1891 694 1969 de
711 1920 758 1973 ea
781 1920 820 1971 re
845 1892 965 2004 quari.
1008 1896 1111 2007 Qro
1133 1886 1334 2003 plebiscito
1360 1886 1513 1972 decreta
1533 1893 1568 1973 a.

173 2005 301 2091 senatu
324 2004 377 2089 est
400 1994 546 2089 consili
565 1998 728 2117 quaestio
750 2011 828 2092 Cn.
856 2008 1047 2118 Caepioni.
1097 2002 1300 2090 Profectus
1330 2005 1371 2085 in
1394 2002 1558 2087 'exilum

169 2118 344 2203 Tubulus
367 2116 518 2222 statim,
537 2144 609 2202 nec
630 2116 861 2232 respondere
884 2121 1004 2203 ausus.
1038 2122 1126 2201 Erat
1145 2116 1248 2203 enirn
1268 2142 1326 2200 res
1348 2138 1491 2228 aperta.

220 2239 318 2317 Non
330 2230 443 2343 igitur
455 2231 506 2317 de
518 2228 728 2344 improbo,
740 2233 804 2317 sed
817 2231 951 2319 callide
966 2232 1153 2344 improbo
1164 2234 1386 2343 quaerimus,
1399 2229 1420 2339 (
1433 2228 1555 2341 qualis
1569 2271 1630 2288 -·

170 2345 445 2466 QPompeius
460 2347 494 2393 ³⁷
509 2345 550 2429 in
570 2345 715 2431 foedere
738 2348 982 2434 Numantino
1004 2343 1338 2452 infitiandofnit)
1362 2369 1434 2428 nec
1462 2348 1556 2430 vero
1575 2340 1627 2421 ¹7

169 2460 299 2557 omnia
319 2466 504 2565 timente,
522 2458 588 2544 sed
610 2457 780 2573 primitm
801 2461 870 2571 qui
890 2460 1007 2546 animi
1033 2457 1308 2545 conscientiam
1318 2486 1408 2543 non
1422 2482 1556 2558 curet3

169 2602 287 2685 quarn
313 2574 447 2659 scilicet
470 2577 726 2687 comprimere
749 2573 841 2659 nihil
862 2576 917 2660 est
935 2572 1094 2689 negotii
1123 2579 1157 2659 ls
1172 2575 1307 2676 enim,
1328 2576 1405 2685 qui,
1419 2571 1565 2657 occul·

167 2688 276 2772 tus&
292 2691 413 2777 tenus
427 2687 592 2791 dicitur,
611 2694 763 2774 tannim
787 2689 917 2794 abeli,
943 2716 987 2775 ut
1000 2687 1193 2774 scindioet
1205 2717 1218 2790 3
1230 2688 1401 2797 perficiet
1417 2690 1559 2789 etiam,

168 2824 211 2885 ut.
227 2800 359 2886 dolere
381 2802 530 2889 alterius
556 2802 736 2915 improbi
761 2804 863 2888 fano
892 2803 1096 2889 videatur:
1120 2800 1294 2915 quidest
1318 2803 1422 2883 enim
1435 2798 1561 2901 aliud,

165 2916 237 2997 effe
257 2919 476 3004 versutum?
506 2921 665 3003 Memini
690 2944 754 3003 me
776 2919 905 3003 adeffe
927 2924 967 3003 P.
983 2914 1141 3002 Sextilio
1164 2914 1297 3015 Rufo,
1324 2917 1423 2996 crim
1441 2910 1474 2994 is
1503 2910 1558 2995 ad

165 3032 310 3113 amicos
330 3034 480 3114 remita
503 3028 666 3115 deferret
677 3094 690 3135 ,
708 3032 750 3115 se
767 3035 848 3117 effe.
866 3030 1050 3117 heredem
1077 3037 1141 3152 Q
1162 3026 1282 3113 Fadio
1305 3024 1420 3111 Gallo
1446 3056 1457 3110 ε
1480 3054 1557 3110 cu-

163 3142 218 3249 jus
238 3147 279 3225 in
300 3148 524 3229 testamento
541 3144 734 3255 'seriptum
763 3147 854 3231 ess‘et
867 3208 881 3248 ,
907 3145 943 3229 se
971 3144 1021 3231 ab
1046 3171 1097 3228 eo
1124 3143 1332 3254 rogatum,
1355 3164 1399 3224 ut
1422 3144 1557 3224 omnis

163 3255 349 3343 hereditas
368 3258 419 3341 ad
448 3256 564 3343 filiam
586 3265 810 3371 perveniret.
851 3266 883 3344 ls
902 3258 1079 3345 Sextilius
1102 3255 1249 3341 factum
1266 3253 1444 3366 negabat.
1472 3259 1562 3339 Po··

163 3387 254 3453 terat
271 3394 403 3457 autem
425 3374 610 3485 impune:
635 3379 723 3487 quis
748 3374 852 3458 enim
877 3372 1121 3485 redargueret
1135 3369 1193 3461 ³¹?
1222 3376 1355 3454 Nemo
1375 3368 1555 3454 nostrdm

161 3484 350 3596 negabat:
380 3492 543 3599 eratque
568 3487 828 3593 verisimilius,
862 3490 965 3571 hunc
995 3484 1173 3587 mentiri,
1195 3484 1305 3591 cujus
1328 3482 1558 3582 intereffet,

161 3590 283 3707 duam
305 3598 435 3703 illum,
460 3600 588 3713 quiid
611 3601 647 3685 se
666 3604 816 3715 rogasse
837 3600 1054 3729 scripsrllet,
1073 3596 1187 3713 quod
1198 3596 1387 3681 debuisset
1397 3620 1556 3703 rogare.

162 3712 342 3827 Addebat
358 3714 556 3831 etiam,se
578 3720 620 3801 in
645 3713 768 3829 legem
797 3720 1023 3803 Voconiam
1042 3734 1208 3823 Jurattun
1227 3733 1363 3797 contra
1387 3734 1472 3791 cam
1492 3705 1556 3791 fa-

1399 3848 1403 3856 ’
1463 3847 1553 3902 cere
1618 3878 1621 3885 -

154 4044 251 4105 stione
269 4046 369 4117 fiebat,
388 4048 421 4109 &
439 4046 609 4109 divinatione
625 4065 693 4125 quot
706 4048 837 4111 medies-
868 4066 934 4129 gare
953 4048 1000 4107 vel
1018 4046 1150 4128 affirmare
1173 4038 1334 4104 ?'Darifiu's
1351 4043 1381 4100 8(
1409 4039 1476 4108 alii,
1495 4042 1550 4099 hac
1623 4116 1625 4121 .

153 4124 224 4183 sent.
244 4128 393 4203 Propterea
419 4130 475 4189 acri
492 4128 602 4206 asperlu
623 4148 694 4207 opus
707 4148 763 4191 erat
776 4172 786 4201 ,
804 4130 836 4190 δι
867 4130 922 4209 (nt
933 4129 1060 4205 opinor)
1085 4128 1191 4186 rarione
1221 4124 1347 4191 adducti,
1368 4142 1404 4180 ex
1436 4122 1552 4181 duobus

153 4202 275 4265 summa
297 4208 357 4271 fide<
378 4210 548 4270 Mortuus.
867 4209 985 4269 tribusve
1008 4208 1070 4267 Mss'.
1089 4208 1262 4284 protulerunt
1275 4206 1405 4268 credebar,
1424 4200 1553 4261 vicencae'

197 4306 251 4362 37·
276 4291 315 4369 Q
328 4294 480 4372 Pompeias]
499 4294 607 4367 Dequo
623 4289 654 4350 in
667 4292 765 4362 Bruto,
775 4311 836 4370 cap.
864 4292 947 4369 gabar
967 4312 976 4359 3
997 4307 1028 4349 ut
1043 4288 1075 4346 stt
1092 4311 1164 4364 perr..)
1196 4285 1306 4364 nostrrim
1330 4283 1453 4341 credebn.
1486 4284 1544 4342 Sed

151 4384 222 4444 25·.
259 4372 269 4441 J
319 4436 323 4443 .
869 4370 936 4431 ciam
955 4368 1108 4430 caeteriMs.
1128 4389 1186 4427 uno
1203 4387 1252 4426 ore
1272 4367 1391 4425 habeam
1414 4364 1549 4439 negritu,

191 4454 246 4525 33.Δ
267 4453 343 4530 Quis
372 4456 442 4513 enim
466 4453 662 4533 redargueret?
684 4456 766 4513 Neam
789 4474 835 4513 no
870 4451 908 4511 fic
919 4472 974 4528 ope
986 4446 1213 4528 interpunctionis
1231 4448 1310 4508 locus
1329 4439 1474 4518 emendari,
1484 4437 1549 4519 posi

136 4528 229 4605 flrdm
258 4534 401 4609 negabat:
428 4532 532 4614 emiquev
565 4534 645 4605 den]
678 4535 834 4613 Corruptus
870 4532 916 4605 lit,
929 4535 1079 4611 Quonim
1094 4526 1288 4614 redargueret?
1312 4548 1385 4605 nemo
1413 4521 1554 4601 aristion:

144 4610 219 4671 certd
238 4612 282 4673 est
302 4612 348 4687 laic
361 4614 442 4675 locus
462 4636 471 4679 ‚·
493 4614 553 4692 quis
565 4615 643 4676 enim
653 4614 756 4676 dicerer
767 4616 835 4675 ami-
869 4615 995 4691 negabat,
1014 4607 1119 4689 eritque
1136 4609 1297 4686 vrrifimr'lius
1316 4608 1371 4667 &c
1399 4605 1481 4664 Nema
1499 4625 1551 4662 nor

29 4710 30 4713 ¹
142 4711 191 4751 cos
208 4693 330 4775 qudlii
348 4716 409 4755 non
423 4696 547 4776 regale,
565 4694 635 4756 clim
650 4695 732 4767 ideo,
754 4698 830 4775 qudd
862 4692 946 4771 sinim
961 4690 1061 4751 scilicet
1077 4694 1254 4771 redargueret
1274 4712 1285 4750 z
1304 4689 1413 4769 negabat
1435 4684 1560 4747 'scilicet'

29 4810 30 4817 κ
140 4772 182 4839 rei
196 4796 261 4839 non
281 4774 548 4849 interfuerint‚nnn
565 4776 828 4857 porueriut'relne
870 4772 1014 4836 Sextilius.
1031 4774 1194 4835 Pan-aetus.
1247 4842 1263 4849 ..
1329 4795 1332 4801 ’
