4259 5592
550 482 634 565 472
848 442 892 527 T
918 438 958 527 U
986 438 1016 525 S
1044 436 1219 527 C.U'L
1248 432 1430 541 A·N'A
1452 432 1666 525 ΗΜ,

478 708 540 736 ,.
614 628 1021 744 Duodequadraginta
1040 652 1166 713 annos
1185 648 1372 736 tyrannus
1392 623 1723 737 Syracusanorum
1750 619 1824 709 suit
1843 624 1950 713 Dio·

480 751 539 816 ⁹0
556 751 708 869 nysius,
723 752 818 833 ciam
829 776 867 831 v.
882 744 921 829 8(
939 768 1003 829 xx.
1022 764 1137 827 naurs
1152 768 1277 827 annos
1293 736 1545 825 dominatum
1561 741 1840 853 occupavisset.
1858 747 1952 866 Qa

553 860 845 985 pulchritudine
873 858 1039 961 urbem,
1064 857 1210 971 quibus
1230 878 1360 941 autem
1376 849 1524 968 opibus
1549 852 1954 968 praeditam,servitu·

550 1008 593 1069 tc
626 978 849 1092 oppressam
873 978 997 1059 tenuit
1021 977 1244 1061 civitatem?
1275 974 1394 1083 Atqui
1422 968 1576 1057 dehoc
1601 969 1763 1056 homine
1788 974 1811 1057 a
1836 965 1953 1059 bonis

554 1088 780 1181 notioribus
810 1091 862 1175 sac
881 1087 1064 1203 scriptum
1084 1091 1335 1199 accepimus,
1369 1084 1557 1171 summram
1573 1085 1693 1171 -suisse
1715 1084 1795 1197 ejus
1826 1089 1868 1171 in
1893 1090 1955 1172 vi-

550 1214 620 1295 siu
648 1209 964 1319 temperantiam,
987 1204 1030 1288 in
1048 1204 1171 1287 rebbs
1193 1228 1243 1286 ue
1266 1201 1447 1311 gerendis
1467 1208 1597 1287 virum
1621 1200 1806 1287 acrem&
1832 1200 1954 1289 indu-

552 1324 687 1411 strium
699 1386 712 1426 ,
733 1322 904 1405 eundern
921 1346 1054 1406 tamen
1075 1232 1296 1404 maldbcum
1325 1314 1460 1402 natura
1492 1318 1531 1403 lic
1555 1317 1748 1429 injustum.
1785 1320 1844 1401 Ex
1867 1345 1953 1431 quo

554 1433 770 1543 omnibus,
792 1431 893 1521 bene
921 1433 1122 1521 veritatem
1152 1428 1421 1535 intuentibus,
1445 1432 1567 1517 videri
1587 1433 1736 1517 neccss'e
1753 1430 1954 1517 cliniiser-

552 1564 709 1647 timum.
736 1558 792 1639 Ea
818 1556 927 1637 enim
949 1551 1135 1668 ipsaque
1159 1550 1439 1657 concupierat,
1461 1576 1512 1632 ne
1534 1571 1619 1632 tum
1644 1546 1831 1661 quidem,
1858 1552 1953 1633 cum

553 1677 693 1759 omnia
709 1668 753 1757 se
774 1668 886 1782 polle
906 1660 1115 1771 censebat,
1138 1655 1458 1775 consequebatur.
1487 1660 1573 1775 Qri
1603 1657 1696 1748 cbm
1721 1663 1815 1747 esset
1837 1656 1952 1749 bonis

552 1780 779 1905 parentbus
805 1806 925 1895 atque
943 1779 1112 1876 honesto
1135 1778 1227 1864 loco
1249 1802 1391 1881 natus,
1413 1778 1433 1885 (
1445 1779 1510 1865 etsi
1533 1776 1574 1865 id
1589 1776 1751 1893 quidem
1767 1775 1863 1861 alius
1875 1776 1951 1865 alio

551 1901 683 1991 modo
707 1896 904 2007 tradidit)
935 1894 1233 2006 abundardtque
1257 1892 1296 1977 &
1319 1890 1527 2008 aequalium
1564 1887 1878 1979 familiaritatibus
1913 1893 1953 1979 &

552 2014 840 2111 consuetudine
859 2009 1206 2125 propinquorum
1228 2006 1386 2093 haberet
1399 2009 1516 2093 etiarn
1528 2012 1811 2095 morcGtaciae
1824 2003 1951 2118 quos-

552 2132 648 2221 dam
674 2126 933 2215 adolestenres
955 2152 1091 2209 amore
1110 2124 1369 2233 conitmslos:
1393 2120 1576 2209 credebat
1592 2122 1776 2211 eorum²⁶
1790 2122 1953 2209 nemini.

552 2244 632 2333 Sed
652 2244 724 2346 iis,
753 2270 862 2355 quos
891 2268 941 2327 ex
962 2238 1113 2331 subibis
1140 2236 1381 2353 locupletum
1407 2238 1535 2325 servos
1561 2238 1779 2353 delegerat,
1803 2237 1953 2350 quibus

553 2387 706 2454 nomm
725 2357 913 2441 servitutis
936 2351 1016 2469 ipe
1033 2352 1271 2456 detraxerat,
1292 2352 1334 2438 &
1354 2348 1588 2468 quibusdam
1606 2358 1822 2457 convenis,
1842 2352 1883 2437 dt
1895 2351 1953 2437 fe-

554 2475 608 2562 ris
629 2468 801 2557 barbaris
819 2469 1003 2580 oorporis
1025 2465 1245 2555 custodiam
1265 2470 1547 2555 committebat.
1577 2476 1630 2557 lta
1654 2489 1817 2584 propter
1853 2467 1953 2573 iniu-
2104 2502 2105 2577 j

553 2592 653 2681 stam
678 2585 908 2675 dominaris
930 2583 1182 2697 cupiditatem
1208 2583 1249 2667 in
1270 2610 1464 2669 carcerem
1482 2584 1658 2699 quodam
1672 2583 1800 2671 modo
1824 2580 1952 2695 ipsese

552 2702 765 2797 incluserat.
792 2704 905 2814 Qpin
924 2702 1061 2803 etiam,
1081 2726 1131 2785 ne
1152 2698 1299 2784 tonsori
1320 2696 1466 2785 collum
1486 2704 1766 2806 committeret,
1787 2695 1952 2785 tondere

553 2820 653 2915 filias
683 2820 769 2908 liras
789 2814 944 2909 docuit.
973 2812 1033 2904 lta
1063 2811 1224 2899 sordido
1242 2814 1277 2861 ²⁷
1293 2813 1534 2931 ancillarique
1555 2814 1729 2901 artificio.
1744 2818 1856 2930 regiae
1872 2817 1953 2901 vit.-

554 2940 693 3136 illis
710 2954 762 3132 {l
778 2926 1879 3133 lilli'ffllllllllllslslllllltil?
1893 2934 1954 3127 li
2103 2984 2104 3075 ³

555 3139 775 3276 siituitque,
793 3182 840 3250 ut
857 3075 1115 3246 dandenrbui
1141 3157 1379 3274 iuglandium
1408 3110 1675 3276 putitminibus
1698 3110 1955 3247 barbam'fibi
2103 3152 2104 3187 ¹

551 3281 598 3364 ὃ(
623 3276 803 3392 capillum
821 3272 1035 3363 adurerent.
1060 3278 1255 3386 Cbmque
1266 3273 1366 3359 duas
1389 3304 1531 3362 uxores
1548 3276 1955 3383 haberet,Arisloma-

408 3448 413 3456 ,
551 3398 687 3497 chen,
712 3395 842 3485 civem
866 3387 1001 3492 brun,
1021 3388 1217 3482 Doridem
1243 3410 1380 3475 autem
1398 3395 1652 3499 Locrensem,
1679 3393 1731 3477 src
1753 3393 1881 3477 noslu
1906 3390 1955 3477 ad

555 3538 623 3598 eas
651 3505 886 3608 ventitabat,
910 3528 957 3591 ut
979 3507 1113 3596 omnia
1131 3503 1386 3623 specularetur
1404 3506 1443 3591 ll(
1462 3510 1758 3622 pulcrutarctur
1776 3508 1879 3593 ante.
1895 3512 1955 3611 Et,
2102 3574 2103 3583 .

555 3631 654 3713 crim
674 3622 813 3717 fossam
837 3620 952 3705 latam
979 3618 1193 3710 cubiculari
1213 3618 1312 3709 letto
1334 3622 1668 3728 circumdedisset,
1681 3624 1840 3736 ejusque
1851 3622 1957 3711 folle

555 3740 756 3829 transitum
771 3734 979 3851 ponticulo
1007 3733 1140 3861 ligneo
1168 3737 1445 3847 conjunxisset:
1475 3768 1568 3825 etan
1587 3741 1733 3854 ipsum,
1761 3768 1861 3824 cum
1892 3738 1957 3823 so·

557 3883 642 3948 rern
672 3850 844 3943 cubiculi
867 3850 1076 3956 clauserat,
1093 3848 1365 3966 detorquebat.
1388 3852 1575 3971 lde'mque
1598 3862 1693 3942 ciam
1712 3855 1756 3938 in
1772 3882 1957 3941 commu-

555 3970 676 4055 nibus
703 3964 887 4095 firggestis
912 3966 1120 4055 ‚consillere
1137 3996 1223 4053 raon
1243 3967 1432 4073 auderet,
1451 3976 1746 4057 concionariex
1768 3973 1865 4055 turri
1888 3968 1955 4055 alta

556 4081 714 4172 solebat.
744 4084 874 4197 'Atque
892 4081 924 4171 is
943 4076 1038 4167 cbrn
1056 4078 1135 4197 pili
1154 4082 1287 4175 ludere
1311 4084 1443 4191 vellet,
1463 4086 1668 4197 (studiose
1688 4086 1797 4172 enim
1832 4083 1878 4168 id
1901 4084 1955 4170 fa-

556 4200 749 4309 ditabat)
778 4203 1034 4311 tunicirnque
1055 4222 1250 4313 poneret,
1280 4200 1568 4292 adolescentulo
1579 4269 1593 4315 ,
1620 4230 1739 4319 quern
1775 4197 1955 4403 amabqq,

1829 4342 1865 4404 tr

554 4464 1937 4497 W
2100 4486 2101 4503 r

557 4602 560 4612 Ι
602 4534 656 4585 26.¹
671 4528 794 4587 credebat
808 4549 896 4587 ronam
916 4530 1037 4599 nemini]
1055 4528 1188 4591 Erasmus
1208 4550 1237 4592 e·
1276 4526 1336 4586 bam
1354 4525 1392 4589 d·
1417 4530 1535 4613 capillum
1549 4533 1659 4621 patris]
1681 4528 1752 4589 Non
1776 4526 1872 4604 placet
1887 4508 1954 4589 illud
2100 4554 2101 4602 i

555 4606 661 4686 debat,
681 4626 713 4669 ut
727 4608 760 4669 dt
783 4606 928 4672 Bentleius
951 4606 1046 4703 legit,
1066 4612 1185 4683 credebar
1208 4610 1236 4681 sc
1274 4607 1380 4700 artfficr'o
1400 4630 1410 4677 ς
1430 4630 1490 4671 non
1520 4628 1598 4672 emm
1624 4606 1875 4687 profitebantutse
1899 4628 1957 4671 ron-

558 4706 650 4757 corum
669 4694 776 4751 nemini.
1273 4688 1366 4751 linces
1385 4691 1436 4757 elle
1456 4714 1465 4759 ε
1485 4686 1533 4757 sed
1551 4712 1588 4754 eo
1615 4710 1735 4751 munere
1757 4687 1846 4773 fungi
1871 4708 1957 4772 cogar

605 4786 652 4837 η.
673 4772 715 4828 aa
724 4768 830 4847 sarra
850 4772 1019 4855 aarum
1042 4770 1178 4847 asam,
1199 4794 1241 4835 n»
1274 4772 1384 4837 anm.
1404 4776 1606 4849 Quamobrem
1623 4771 1741 4838 maaet
1758 4772 1957 4853 paceinque

555 4851 609 4937 gia
625 4846 764 4943 virginera
788 4870 819 4919 ut
836 4852 1003 4938 muslinse,
1023 4858 1164 4927 melam
1180 4856 1241 4935 liu:
1272 4855 1347 4953 ildeb
1371 4852 1851 4925 vmffnarestai‘codieislaffio
1870 4856 1958 5001 idida.
