4259 5592
572 458 649 540 3„
873 403 1666 502 ruscuonutuum

562 639 651 726 quo
673 604 783 711 nula,
799 632 840 691 re
856 627 977 716 egens
999 596 1119 683 alentr
1147 596 1188 681 &
1208 590 1474 685 sustentabitur
1486 598 1529 642 ⁴⁴
1541 592 1677 685 iisdem
1700 594 1844 705 rebus,
1863 606 1951 715 qui·

560 724 640 811 bus
664 724 759 810 astra
781 708 1094 805 sustentamur&
1116 710 1280 795 alunttu.

623 844 818 949 Cumque
840 832 1019 944 corporis
1039 822 1187 912 facibus
1213 828 1445 920 inflammari
1466 825 1654 914 soleamus
1672 825 1723 913 ad
1744 856 1886 921 ornnes
1898 832 1951 917 st.

563 958 607 1043 τὲ
628 980 679 1035 cu
707 946 885 1050 iditates,
905 950 1036 1056 edque
1060 943 1185 1057 magis
1204 941 1392 1051 incendi,
1417 941 1531 1057 quod
1552 945 1597 1027 iis
1617 941 1864 1053 amrlemur,
1885 952 1950 1061 qni

561 1094 612 1154 ea
635 980 822 1167 habeant,
847 1088 934 1175 qua
956 1083 1031 1143 nos
1052 1052 1194 1141 habere
1210 1061 1435 1167 cupiamus:
1458 1056 1639 1169 profetib
1664 1053 1766 1143 beati
1784 1062 1951 1165 miurus,

553 1180 688 1282 cum,
705 1172 946 1288 corporibus
976 1168 1142 1273 relitiis,
1157 1170 1204 1261 ,δι
1228 1170 1545 1285 cupiditatum&
1568 1170 1863 1259 aemulationum.
1876 1175 1949 1260 en'-

554 1318 654 1379 'rnus
677 1316 876 1404 expertes:
902 1285 1095 1401 quodque
1117 1312 1227 1395 nunc
1243 1282 1432 1388 facimrrs,
1458 1279 1550 1370 ciam
1570 1283 1682 1373 laxati
1694 1289 1797 1374 curis
1809 1286 1950 1394 sumus,

559 1422 608 1495 ut
623 1407 790 1545 spetiare
812 1399 958 1519 diqoid
976 1402 1138 1519 uelimus
1165 1399 1205 1483 δι
1228 1399 1346 1485 visere
1358 1463 1372 1504 ,
1396 1398 1439 1484 id
1464 1397 1590 1485 multo
1609 1424 1695 1486 tum
1706 1398 1893 1489 faciemus
1905 1404 1950 1489 ll·

557 1522 715 1609 berius:
740 1518 924 1633 totosque
954 1545 1028 1600 nos
1044 1520 1097 1637 in
1125 1514 1436 1627 contemplandis
1462 1512 1576 1601 rebus
1609 1514 1950 1631 perspiciendisqne

561 1664 788 1753 ponemus,
815 1635 1030 1744 propterea.
1042 1627 1156 1743 quod
1177 1628 1216 1713 &
1235 1626 1370 1715 natural
1393 1628 1489 1717 inest
1507 1628 1706 1713 mentibus
1728 1629 1950 1733 nostris‘in

557 1748 734 1849 satiabilis
754 1746 933 1865 quadam
962 1742 1155 1856 cupiditas
1182 1745 1262 1828 veri
1288 1742 1468 1831 videndi:
1494 1742 1533 1825 dt
1559 1770 1637 1828 orae
1659 1743 1745 1854 ipsae
1767 1742 1947 1831 locorum

557 1866 742 1968 illorum,
771 1864 854 1977 qub
874 1862 1187 1978 pervenerimus,
1207 1860 1292 1979 qub
1311 1857 1522 1945 faciliorem
1544 1857 1660 1943 nobis
1680 1858 1950 1972 cognitionem

562 2008 693 2067 rerum
713 1976 944 2079 celestium,
966 1978 1016 2060 eb
1042 1974 1229 2085 majorem
1244 1970 1509 2088 cognoscendi
1521 1972 1775 2082 cupiditatem
1785 1972 1944 2060 dabrrtu

563 2100 662 2180 Haec
691 2091 796 2183 enim
824 2086 1076 2203 pulchritudo
1101 2086 1218 2171 etiam
1234 2085 1276 2169 in
1296 2086 1403 2172 terris
1416 2090 1578 2200 patriam
1591 2085 1736 2175 45illarn
1757 2086 1944 2174 &avitam

506 2222 512 2233 '
559 2210 584 2317 (
595 2229 639 2294 ut
662 2206 714 2293 ait
734 2202 1060 2317 Theophrastus)
1087 2200 1394 2313 philosophiam,
1407 2198 1645 2313 cognitionis
1661 2199 1945 2311 cupiditateiu·

559 2324 744 2423 censam,
772 2320 962 2409 excitavit.
993 2315 1190 2430 Pracipui:
1212 2320 1308 2403 vero
1329 2314 1504 2400 fruentur
1528 2313 1685 2429 ei,·qui
1708 2320 1944 2419 armotiam,

563 2443 687 2549 curn,
713 2436 781 2519 has
811 2456 927 2517 terras
963 2424 1202 2531 incolentes,
1224 2428 1445 2523 circumlui}
1470 2453 1579 2519 erant
1602 2428 1765 2549 caligine
1777 2491 1792 2534 ,
1819 2453 1944 2521 tamen

557 2552 646 2647 acie
664 2552 804 2635 mentis
826 2545 1010 2657 dispicere
1039 2542 1260 2655 cupiebant.
1611 2631 1616 2637 ,
1937 2592 1944 2622 -.

484 2694 545 2805 ’ἦ
618 2667 770 2754 Etenim
797 2660 824 2744 lr
850 2688 957 2753 nunc
981 2654 1128 2771 aliquid
1149 2658 1297 2769 affequi
1321 2658 1543 2770 separant,
1573 2665 1646 2775 qui
1666 2658 1810 2747 ostium
1839 2666 1944 2747 Pon

442 2868 444 2873 .
556 2787 590 2871 ti
621 2779 827 2910 viderunt,
852 2774 892 2862 &
917 2800 980 2867 eas
1011 2774 1227 2891 argutias,
1245 2798 1317 2884 per
1340 2802 1437 2887 quas
1461 2778 1673 2887 penetravit
1697 2803 1768 2879 ea,
1786 2805 1875 2896 qua
1891 2776 1943 2859 est

557 2918 760 2989 ssomlnaia

729 3010 867 3121 Argo,
899 3004 993 3119 qaia
1021 3002 1167 3119 Argivi
1190 3003 1232 3085 a'n
1257 3032 1330 3107 aa,
1357 3003 1483 3087 achai
1506 3004 1610 3109 viti,

555 3204 559 3209 ,
667 3141 672 3149 ’
728 3122 853 3227 Verri,
870 3120 1050 3232 parebant
1064 3119 1202 3229 pellam
1222 3118 1446 3202 inauratam
1461 3120 1619 3214 ararim
1660 3202 1663 3205 ,

412 3268 413 3275 ‘
554 3254 625 3327 aut
647 3240 701 3341 ii,
726 3235 798 3349 qui
818 3232 971 3322 Oceani
996 3232 1091 3318 freta
1111 3232 1172 3318 illa
1186 3231 1386 3337 viderunt,
1446 3277 1450 3283 ·

447 3371 451 3377 '
621 3434 624 3440 ,
726 3350 916 3463 Europam
932 3346 1166 3461 Libyamque
1186 3374 1310 3461 rapax
1325 3348 1394 3431 ubi
1410 3347 1550 3432 dividit
1571 3350 1704 3432 anda:

553 3466 670 3587 quod.
689 3466 847 3557 tandem
864 3462 1122 3579 spectaculum
1147 3462 1232 3551 fore
1264 3487 1474 3576 putamus,
1510 3468 1607 3552 cum
1642 3487 1767 3553 totam
1806 3485 1943 3550 terram

553 3584 732 3669 contueri
752 3580 901 3683 licebit,
921 3578 1078 3691 ejusque
1102 3581 1196 3663 cum
1221 3577 1336 3664 situm
1348 3638 1362 3680 ‚
1384 3578 1551 3664 fonnam
1571 3641 1586 3682 ,
1618 3575 1946 3690 circumscriptio-

553 3727 666 3814 nem,
691 3716 778 3786 tum
800 3696 839 3789 ,δι
864 3689 1087 3787 habitabiles
1100 3697 1307 3811 regiones,
1343 3692 1382 3777 δι
1408 3692 1556 3783 tursum
1581 3696 1694 3779 omni
1719 3690 1825 3778 cultu
1845 3721 1944 3805 pro-

1856 3813 1953 3920 pter'

545 3985 1050 4157 hrrnll‘blhsslimtltr
1060 3982 1230 4155 thir
1264 4003 1556 4159 ‘natalitii
1567 3982 1944 4155 hsslssiltethtt'zri

553 4168 641 4223 pratas
656 4146 726 4217 ellit,
742 4146 908 4227 terreniipue
924 4148 956 4207 &
972 4164 1063 4225 aquen
1078 4145 1228 4225 vaporibus
1264 4148 1472 4225 exemplaribus
1489 4147 1654 4226 praeferam,
1668 4148 1737 4208 ciam
1749 4166 1846 4225 pravas
1856 4147 1889 4206 dt
1900 4166 1943 4203 m-

552 4230 588 4287 ali
604 4220 742 4289 censuere.
762 4228 837 4291 Vide
847 4229 939 4289 Cicer.
950 4232 1016 4289 Nat
1032 4230 1118 4289 Deos.
1131 4228 1168 4285 11.
1180 4239 1228 4299 46.
1263 4227 1344 4289 tiosas
1361 4229 1453 4307 paffim
1473 4231 1521 4290 det
1535 4230 1680 4291 lediiones.
1709 4226 1846 4297 Accedit,
1863 4227 1943 4304 quad

550 4308 684 4379 Serrium
698 4310 732 4369 ad
742 4312 808 4373 AEn.
818 4310 869 4371 lib.
881 4312 903 4371 1.
913 4330 974 4388 cap.
984 4326 1051 4373 612.
1068 4306 1228 4368 Lucianum
1263 4312 1363 4371 Tullius
1374 4315 1462 4397 partia
1477 4313 1544 4370 bona
1553 4352 1562 4381 ‚
1572 4316 1672 4395 patriar
1676 4310 1817 4393 fananas,
1831 4309 1864 4368 dc
1877 4307 1945 4368 reli-

550 4392 582 4459 in
593 4392 751 4477 Icaromep.
766 4392 848 4461 Plura
858 4410 985 4471 veterum
997 4392 1061 4457 loca
1074 4386 1229 4467 suppedita-
1264 4411 1319 4468 qua
1336 4392 1446 4471 genens
1463 4390 1606 4469 eittsdem,
1624 4391 1740 4475 ungulis
1756 4388 1815 4453 fere
1832 4387 1945 4469 paginis

552 4478 625 4541 hunt
636 4470 746 4551 upum
765 4472 844 4555 Phyi
860 4472 944 4547 Stoie.
955 4472 1005 4534 lib.
1016 4472 1054 4531 ΙΙ,
1065 4490 1127 4548 cap.
1139 4491 1185 4545 14
1196 4472 1229 4534 u
1265 4471 1415 4547 adhibeat,
1436 4494 1507 4537 voce
1526 4474 1594 4534 verb
1610 4479 1706 4556 patrita
1724 4471 1819 4533 nullus
1839 4488 1945 4531 utatur.

551 4552 708 4632 ,Menagius
717 4555 753 4648 ad
761 4554 864 4651 Lairtii
873 4554 922 4618 lib.
929 4556 994 4652 Vll.
1006 4571 1066 4632 cap.
1082 4552 1148 4643 aar.
1164 4555 1209 4613 lo.
1265 4553 1344 4646 Quin
1362 4555 1394 4614 ὅ(
1410 4555 1473 4618 Aa.
1486 4554 1578 4636 prima
1592 4552 1623 4614 in
1638 4560 1758 4615 Verrem
1774 4572 1834 4631 cap.
1848 4570 1874 4623 5.
1884 4572 1945 4646 retra

550 4634 1230 4799 attribuitihrlhlsihit‘t
1264 4632 1818 4800 amministrabit&
1833 4630 1870 4698 ⁶
1884 4654 1947 4692 ‘'⁷“

549 4788 612 4876 curi
629 4788 695 4882 srtnt
709 4794 737 4860 Ρ,
755 4792 919 4881 umatus,
935 4800 972 4861 D.
985 4795 1160 4881 Lambinus,
1175 4812 1227 4870 m:
1305 4813 1356 4871 ,46-
1375 4802 1515 4889 Qamvir
1529 4800 1625 4897 copiose*
1641 4799 1845 4887 hacdicareaau
1854 4792 1897 4939 ‚g
1904 4815 1950 4949 rei

1093 4901 1100 4911 .
1244 4890 1251 4903 ⁸
1707 4908 1711 4913 ,
1793 4893 1799 4901 ·
1897 4895 1923 4937 ς.
