4259 5592
549 447 632 541 sss
863 424 882 495 ί
957 416 1536 525 D'E'stutsus
1637 404 1643 412 '

515 686 527 717 a
550 624 685 754 Qid,
706 610 800 716 clim
818 620 931 713 fluas
957 606 1130 729 subtilat,
1151 621 1175 709 ὲ
1200 618 1355 736 quibus'
1372 616 1513 706 utilitas
1535 612 1641 700 t'tulla'
1668 610 1772 715 duci·
1789 618 1942 729 potest,

549 774 644 832 cum
660 744 864 857 voluptate
883 738 1075 865 legimus?
1147 735 1241 841 uid,
1269 731 1371 847 citm¹
1385 732 1571 831 uolumus
1583 734 1753 835 ,nontina
1765 755 1941 841 eorum,

550 860 623 973 qui
647 855 965 971 quidgesserint‘,
990 864 1088 939 'nota
1192 850 1225 936 is
1249 848 1352 954 esse,
1375 854 1578 965 patentes,
1598 850 1762 961 patriam
1785 907 1799 949 ,
1824 849 1941 936 muln

551 995 733 1088 praterea
755 970 918 1055 minimi
939 966 1177 1054 necessaria?
1205 962 1339 1085 Qtid',
1361 962 1483 1078 quhd'
1499 965 1681 1049 homines
1706 956 1842 1047 infimd
1865 963 1942 1049 sor·

551 1084 668 1191 tuni,
679 1081 784 1173 nulli·
803 1083 870 1195 spe
889 1098 1020 1172 reru'm
1039 1078 1326 1197 gerendarum,
1343 1076 1505 1191 opifices
1531 1074 1726 1191 denique,
1751 1073 1942 1163 dclellen-

551 1218 618 1289 tur
645 1195 838 1287 historiis?
858 1201 1112 1309 maxime‘que
1133 1222 1203 1281 eos
1229 1194 1363 1280 videre
1385 1194 1594 1306 possumus
1613 1214 1673 1277 tes
1687 1190 1809 1306 gestas
1832 1191 1942 1279 audi-
2095 1274 2096 1309 ι

553 1345 596 1403 re
627 1314 812 1429 &legere
835 1314 953 1418 velle,
973 1316 1043 1427 qui
1065 1314 1090 1397 a
1115 1310 1180 1423 spe
1198 1308 1359 1425 gerendi
1382 1308 1518 1393 absunt
1532 1371 1546 1413 ,
1561 1321 1564 1330 '
1579 1305 1749 1395 consesti
1772 1304 1942 1394 senedu·

551 1453 605 1519 te.
637 1422 838 1541 Quocirca
852 1426 1011 1543 intelligi
1035 1426 1269 1511 necesseest
1281 1487 1295 1529 ,
1321 1427 1362 1510 in
1383 1424 1472 1538 ipsts
1486 1422 1629 1526 rebus,
1644 1448 1729 1534 qua
1746 1416 1944 1507 discuntur
2094 1458 2096 1535 ᾗ

554 1546 597 1630 &
613 1541 1203 1658 cognoscuntur,·invitamenta
1233 1539 1375 1645 inesse,
1392 1534 1536 1653 quibus
1556 1534 1609 1622 ad
1623 1530 1844 1625 discendum
1868 1564 1944 1623 co-
2094 1644 2096 1667 ,

546 1657 909 1777 'gnoscendumque
932 1652 1178 1745 moveamur.
1560 1670 1564 1677 '
1740 1734 1745 1743 .
2095 1668 2096 1683 ¹

530 1784 557 1848 ’.
613 1768 680 1861 Ᾱσ
694 1794 843 1860 veteres
863 1770 1028 1889 quidem
1052 1768 1305 1887 philosophi,
1323 1771 1364 1856 in
1386 1766 1593 1858 beatotum
1603 1767 1755 1875 insulis,
1777 1764 1942 1881 fingunt,
2095 1802 2096 1813 Ν

556 1888 683 2005 qualis
709 1885 847 1977 naturi
862 1888 898 1929 '⁰
912 1888 957 1974 stt
977 1888 1056 1973 vita
1082 1887 1330 2000 hpientium,
1357 1914 1462 2000 quos
1487 1881 1580 1971 curi
1613 1887 1725 1972 omni
1744 1879 1946 1987 liberatos,

554 2003 706 2117 nullum
730 2003 983 2091 necessarium
1009 2000 1096 2117 vita
1119 2000 1266 2088 cultum
1293 2018 1361 2087 aut
1380 2022 1558 2113 paratum
1593 1998 1856 2114 requirentes,
1884 2001 1944 2081 ni-

480 2142 487 2149 ·
554 2114 834 2232 hildiudelse
852 2121 1007 2205 aeluros
1025 2138 1193 2230 putant,
1216 2114 1285 2201 nist
1307 2138 1352 2201 ut
1375 2141 1495 2202 omne
1511 2134 1665 2229 tempus
1683 2118 1725 2200 in
1739 2111 1947 2229 querendo

452 2227 457 2240 ’
556 2261 604 2319 ac
623 2230 839 2340 discendo,
862 2236 903 2320 in
931 2254 1077 2319 naturae
1090 2226 1320 2345 cognitione
1332 2230 1576 2318 consumant.
1604 2235 1694 2316 Nos
1716 2226 1945 2315 autemnon

555 2342 680 2434 sollrm
704 2347 825 2433 beata
848 2351 936 2435 vitat
960 2346 1071 2433 islam
1093 2343 1397 2435 oblectationem
1421 2343 1631 2450 videmus,
1659 2342 1725 2429 sed
1749 2346 1867 2427 etiam
1894 2340 1945 2427 le·
2095 2454 2096 2457 p

555 2483 786 2547 vamentum
805 2460 1068 2548 miseriarum.
1116 2466 1250 2576 ltaque
1281 2460 1392 2547 multi
1417 2452 1523 2548 citm'
1536 2465 1579 2546 itt
1606 2459 1795 2572 potestate
1832 2456 1947 2542 essent

556 2576 729 2661 hostium
752 2598 818 2662 aut
842 2599 1125 2691 tyrannorum
1147 2575 1263 2663 ‘multi
1292 2580 1334 2661 in
1365 2574 1543 2664 custodia
1555 2638 1569 2682 ,
1594 2573 1704 2662 multi
1742 2576 1784 2659 in
1809 2572 1947 2677 exilio,

557 2687 738 2775 dolorem
755 2692 865 2775 suum
889 2690 1078 2778 doetrinae
1106 2689 1238 2777 studiis
1258 2690 1492 2778 levaverunt.

536 2870 540 2877 .
614 2801 797 2919 Princeps
816 2807 929 2912 hujus
949 2810 1110 2894 civitatis
1128 2804 1330 2894 Phalereus
1352 2811 1574 2895 Donettius
1597 2810 1692 2893 cum
1716 2798 1838 2919 patriai
1861 2802 1949 2918 pul-

536 2918 617 3004 ·sus
636 2922 727 3004 esset
752 2921 913 3034 injurii,
935 2919 987 3006 ad
1013 2920 1269 3009 Ptolemaeum
1297 2921 1486 3039 seregem
1509 2921 1778 3011 Alexandriam
1807 2942 1950 3007 contu·

556 3031 610 3117 lit
654 3034 738 3153 Qti
756 3030 847 3120 cltm
875 3040 917 3121 in
940 3038 1015 3122 hac
1044 3036 1124 3150 ipsa
1146 3037 1424 3152 philosophia,
1445 3037 1497 3125 ad
1519 3067 1638 3153 quam
1663 3060 1702 3123 te
1725 3030 1951 3138 hortamur,

555 3148 779 3254 excelleret,
800 3150 1137 3267 Theophrastique
1161 3154 1254 3239 esset
1270 3151 1455 3259 auditor,
1474 3154 1594 3239 multa
1612 3150 1789 3267 preclara
1820 3149 1865 3234 in
1890 3148 1952 3234 illo

556 3260 778 3351 calatnitoso
806 3269 892 3352 otio
915 3265 1081 3380 scripsit,
1103 3296 1187 3353 non
1211 3268 1261 3353 ad
1283 3268 1395 3355 ustun
1415 3268 1461 3354 ali
1493 3297 1584 3356 uem
1604 3270 1743 3370 suum,
1763 3294 1850 3381 quo
1876 3286 1954 3351 erat
2094 3348 2095 3379 Ν

541 3377 739 3467 orbatus:
760 3379 824 3465 sed
843 3384 964 3467 animi
986 3381 1112 3470 cultus
1140 3380 1200 3467 ille
1222 3405 1301 3470 etat
1323 3386 1359 3468 ei
1384 3300 1492 3501 quast
1517 3382 1682 3498 quidam
1702 3366 1953 3485 humanitatis
2094 3386 2095 3427 ¹

552 3492 679 3582 cibus.
707 3493 903 3609 Equidem
918 3500 941 3585 ὲ
957 3501 1035 3614 Cn.
1048 3493 1210 3585 Aufidio
1227 3540 1249 3605 ,¹
1261 3504 1458 3615 pretorio,
1472 3497 1627 3613 erudito
1644 3496 1832 3613 homine,
1851 3522 1957 3583 ocu-

542 3608 599 3697 lis
615 3610 868 3725 capto-,sape
881 3611 1110 3716 audiebam,
1123 3617 1219 3699 cum
1237 3613 1274 3701 se
1289 3611 1385 3698 lucis
1407 3617 1530 3729 magis
1586 3616 1677 3700 uam
1697 3610 1866 3697 utilitatis
1883 3609 1957 3696 de·

543 3722 696 3841 ¹fidetio
715 3726 869 3813 moveri
888 3724 1044 3813 dioeret
1099 3732 1294 3814 Somnum
1313 3727 1487 3843 denique
1521 3758 1576 3813 no
1605 3732 1661 3832 is,
1703 3726 1772 3811 nist
1795 3729 1957 3840 requie-

543 3851 636 3927 {tem
659 3840 948 3955 corporibus&
966 3839 1199 3929 medicinam
1223 3842 1427 3961 quandam
1450 3842 1592 3930 laboris
1618 3841 1796 3946 afferret,
1817 3862 1961 3927 contra
2093 3844 2094 3853 '

543 3962 730 4043 ‘naturam
746 3979 971 4071 putatemus
984 3956 1278 4045 datumtaufett
1297 3958 1400 4045 enim
1419 3958 1844 4072 stnsusmdionemque
1857 3954 1961 4077 tollit

544 4072 726 4159 ‘omnem
759 4075 970 4187 ltaque,'si
987 4095 1054 4160 aut
1074 4074 1289 4188 requietem
1312 4096 1447 4160 natura
1469 4102 1554 4161 non
1575 4093 1853 4189 quateret,aut
1869 4098 1963 4158 eam
2093 4070 2094 4094 ¹

547 4190 684 4300 ‘posset
694 4187 764 4275 alia
778 4188 952 4389 quadam
963 4189 1115 4277 tatione
1127 4189 1330 4304 consequi,
1339 4202 1358 4241 ³
1372 4188 1483 4280 facit
1499 4211 1740 4305 pateremur3
1753 4188 1823 4300 qui
1837 4190 1963 4301 etiam

552 4331 661 4389 nunc
678 4333 777 4421 agen
809 4308 820 4389 i
842 4304 1016 4424 aliquid,
1033 4303 1284 4429 discendique
1305 4302 1449 4415 causi,
1468 4306 1597 4421 prope
1618 4328 1756 4393 contra
1775 4316 1965 4391 naturam

549 4416 699 4536 vigilias
720 4418 906 4535 suscipere
930 4422 1131 4509 soleamus.
1195 4488 1202 4499 -
1722 4534 1727 4543 ,
1854 4470 1963 4553 Sunt

556 4687 561 4693 ·
595 4682 642 4755 3⁰:
733 4674 756 4726 is
784 4675 881 4732 natura
898 4671 936 4751 fit
956 4676 1016 4733 vita
1035 4672 1226 4757 sapientium]
1259 4674 1417 4750 Axioch.§.
1436 4693 1481 4744 17·
1509 4673 1599 4733 IDEM·
1716 4680 1724 4699 ”

550 4742 681 4807 Omnino
707 4750 877 4839 egendum,
903 4756 992 4893 gildis
1007 4754 1149 4836 suturafit
1170 4758 1226 4816 &o
1298 4778 1316 4817 a
1338 4757 1440 4817 Lamb.
1456 4756 1537 4838 facile*
1555 4777 1603 4816 nos
1619 4774 1649 4817 eo
1668 4760 1766 4857 Q.

548 4826 719 4907 quodtelll
735 4847 849 4895 monuit
866 4834 893 4893 J.
945 4836 1227 4913 encusadAEtduus
1299 4838 1619 4919 aldemannum
