4259 5592
543 448 629 547 ⁶4⁸
804 424 1815 519 uauarunauaouuu

599 629 650 708 At
676 612 780 701 enirn
812 616 967 699 minora
992 612 1048 697 dii
1079 611 1305 728 negligunt,
1332 636 1358 693 n
1409 639 1461 696 ue
1482 612 1626 726 agellos
1657 613 1933 729 singulorum,

537 730 800 822 necuiticulas
819 728 1123 843 persequuntur:
1141 754 1238 827 nec,
1258 725 1285 807 li
1308 752 1375 807 ure
1406 755 1455 829 o,
1476 750 1543 811 aut
1556 728 1710 841 grando
1729 734 1935 843 quippiam

540 846 706 947 nocuit,
733 842 776 925 id
807 845 892 965 jovi
916 836 1306 927 animadvertendum
1333 835 1415 922 fuit
1458 846 1522 927 Ne
1545 846 1586 925 in
1611 846 1740 955 regnis
1770 842 1935 957 quidem

541 990 652 1076 reges
671 955 805 1048 omnia
825 960 985 1041 minima
1009 979 1155 1040 curant
1184 958 1245 1038 Sic
1270 948 1375 1033 enim
1397 952 1544 1039 dicitis:
1573 956 1679 1068 quast
1709 985 1788 1070 ego
1814 958 1935 1069 pauli)

543 1078 632 1163 ante
651 1073 704 1159 de
720 1069 849 1155 fundo
873 1072 1082 1188 Formiano
1105 1073 1146 1156 P.
1163 1065 1290 1154 Rutilii
1315 1066 1384 1149 fim
1416 1069 1600 1183 questus,
1618 1100 1703 1157 mn
1729 1072 1780 1155 de
1802 1072 1937 1157 amissa

544 1189 672 1275 salute.
792 1268 797 1275 ,
1251 1183 1253 1189 ’
1563 1256 1569 1264 .

470 1322 535 1431 ”g
601 1309 731 1415 Atque
751 1303 830 1385 hoe
848 1296 1011 1409 quidem
1026 1322 1163 1382 omnes
1178 1294 1357 1381 mortales
1374 1297 1424 1380 lic
1447 1295 1613 1403 habent,
1629 1320 1805 1383 externas
1818 1329 1937 1384 com-

476 1376 498 1459 3
542 1416 772 1519 moditates,
797 1416 952 1516 vineta,
977 1411 1142 1527 segetes,
1167 1410 1335 1513 oliveta,
1354 1406 1569 1495 ubertatem
1594 1412 1754 1525 frugum
1785 1413 1825 1497 dt
1853 1414 1939 1499 fru-

542 1534 705 1634 auum,
725 1556 885 1617 omnem
902 1525 1078 1641 dertique
1100 1521 1447 1629 commoditatem,
1477 1525 1848 1641 prosperitatemque
1875 1532 1939 1613 vi-

348 1694 362 1719 ·
427 1682 430 1685 ·
542 1670 619 1749 tae,
643 1651 666 1731 a
686 1642 761 1733 diis
780 1642 816 1725 se
837 1640 1004 1727 habere:
1026 1637 1208 1725 virtutem
1225 1660 1355 1722 autem
1383 1666 1501 1725 nemo
1527 1670 1703 1753 unquam
1736 1666 1939 1755 acceptam

533 1760 634 1844 deo·
653 1757 789 1845 tetulit.
815 1760 1016 1845 Nimirum
1036 1756 1150 1839 redii.
1179 1758 1342 1865 Propter
1366 1759 1547 1837 virtutem
1569 1760 1673 1838 enim
1694 1756 1775 1867 jure
1801 1756 1939 1840 lauda-

540 1902 663 1977 mur,
686 1874 787 1956 &in
812 1875 954 1954 virtute
977 1870 1078 1953 rede
1105 1866 1341 1981 gloriamur:
1363 1867 1477 1979 quod
1497 1898 1579 1953 non
1612 1868 1882 1983 contingeret,
1911 1869 1939 1953 fi

538 1988 587 2082 id
610 1987 765 2074 domun
790 1988 817 2070 ir
840 1982 946 2087 deo,
967 2012 1052 2067 non
1078 1984 1101 2065 a
1123 1978 1237 2067 nobis
1257 1981 1498 2067 haberemus.
1528 1989 1578 2068 Αῑ
1598 1987 1692 2068 vero
1708 2010 1775 2069 aut
1801 1986 1938 2070 hono-

542 2101 653 2197 ribus
673 2099 775 2187 anili
787 2161 800 2201 ,
825 2122 892 2183 aut
915 2124 955 2181 re
980 2094 1182 2198 familiari,
1205 2120 1271 2180 aut
1290 2094 1317 2179 li
1336 2094 1440 2179 aliud
1461 2099 1663 2210 quippiam
1684 2100 1785 2183 nacli
1806 2102 1939 2183 sumus

544 2210 847 2315 fortuiti-boni,
882 2234 949 2298 aut
970 2208 1192 2321 depulimus
1216 2208 1330 2313 mali,
1352 2214 1447 2295 etim
1480 2210 1555 2296 diis
1589 2212 1727 2325 gratias
1758 2211 1939 2324 agimus,

547 2357 636 2417 tum
654 2325 750 2417 nihil
772 2326 907 2414 nostra
932 2323 1038 2410 laudi
1053 2326 1291 2437 allumptum
1306 2320 1544 2409 arbitramur.
1571 2328 1681 2412 Num
1700 2326 1940 2439 quis,qudd

546 2443 679 2535 bouus
700 2441 758 2524 vir
770 2441 864 2528 fellet
879 2502 893 2543 ,
908 2439 1046 2550 gratias
1062 2437 1137 2522 diis
1153 2441 1231 2552 egit
1253 2449 1452 2551 unquam?
1474 2448 1524 2525 At
1544 2439 1657 2551 quod
1680 2440 1811 2545 dives,
1824 2440 1940 2550 quod

457 2584 485 2601 ”
544 2563 765 2652 honoratus
778 2617 792 2659 ,
810 2553 928 2667 qudd
956 2551 1175 2638 incolumis.
1204 2554 1422 2674 lovemque
1446 2556 1644 2666 optimum
1670 2554 1942 2639 &maximum

477 2757 480 2762 ,
542 2670 604 2761 ob
623 2698 687 2759 eas
708 2697 766 2753 res
788 2667 979 2783 appellant
993 2732 1006 2772 ,
1022 2698 1105 2753 non
1127 2666 1239 2779 quod
1264 2695 1338 2751 nos
1357 2668 1495 2778 justos,
1510 2691 1768 2779 temperatos,
1790 2672 1939 2781 sapien-

543 2812 605 2882 tes
632 2783 799 2887 efficiar,
818 2781 882 2871 sed
903 2782 1016 2895 quod
1042 2782 1187 2885 salvos,
1214 2780 1455 2886 incolumes,
1480 2783 1717 2894 opulentoS,
1742 2782 1940 2897 copiosos.

465 2996 475 3014 ‚
543 2909 692 3015 Neque
717 2896 875 2985 Herculi
901 2897 1104 3010 quisquam
1134 2894 1342 2981 decumam
1372 2896 1483 2981 vovit
1517 2898 1764 3011 unquam,fi
1794 2898 1941 3011 lapiens

544 3016 673 3115 ‚fadus
697 3012 799 3105 erret.
831 3018 1069 3130 Quanquam
1083 3012 1344 3123 Pythagoraa,
1357 3006 1448 3093 clun
1468 3014 1508 3095 in
1521 3016 1733 3125 geometria
1750 3011 1943 3125 quiddam

545 3132 646 3226 novi
671 3126 1029 3228 iuveniffet,mus1s
1055 3125 1203 3209 bovem
1230 3123 1441 3209 immolalse
1455 3124 1618 3212 dicitur:
1639 3124 1704 3208 sed
1717 3126 1759 3211 id
1781 3126 1943 3239 quidem

548 3272 633 3333 non
650 3237 798 3346 eredo,
818 3242 1009 3353 quoniam
1029 3238 1089 3323 ille
1109 3266 1160 3323 ne
1179 3238 1348 3351 Apollini
1370 3239 1532 3353 quidem
1552 3240 1669 3325 Delio
1684 3242 1850 3325 hostiam
1864 3242 1943 3326 irn-

545 3358 696 3453 molare
713 3354 837 3444 uoluit
849 3416 862 3456 ,
883 3382 934 3437 ne
951 3382 1055 3454 aram
1079 3353 1259 3469 sanguine
1285 3352 1537 3468 adspergeret.
1566 3354 1629 3440 Ad
1648 3380 1728 3437 rem
1753 3368 1885 3441 autem
1899 3379 1943 3441 ut

551 3472 733 3573 redeam,
754 3468 939 3574 judiciun
961 3470 1041 3552 hoc
1066 3466 1245 3574 omniurn
1270 3468 1491 3554 mortalium
1516 3470 1569 3552 est
1583 3532 1595 3573 ,
1610 3469 1808 3554 fortunam
1826 3470 1941 3555 adeo

581 3583 788 3687 etendarn,
812 3582 888 3668 ase
912 3582 997 3692 ipso
1021 3580 1248 3666 sumendam
1274 3583 1349 3667 elle
1376 3584 1608 3696 sapientiam.
1637 3590 1831 3699 Qamvis
1856 3586 1944 3670 licet

549 3617 677 3800 ilenti
701 3693 885 3801 delubra,
908 3695 947 3781 8(
974 3696 1135 3801 Virtuti,
1153 3696 1191 3781 &
1212 3695 1319 3784 Fidei
1347 3700 1634 3798 consecremus3
1654 3699 1783 3783 tamen
1808 3702 1942 3789 hatiu

551 3816 670 3904 nobis
700 3814 789 3924 ipsas
813 3812 878 3897 fita
901 3809 1103 3897 videmus:
1130 3812 1206 3922 spei
1225 3810 1277 3915 ⁶¹,
1299 3811 1445 3915 salutis,
1460 3818 1573 3923 opis,
1593 3814 1766 3899 villoriae
1783 3813 1943 3901 facultas

553 3935 578 4027 ὲ
599 3932 673 4018 diis
695 3925 911 4040 expetenda
934 3926 998 4020 eli
1026 3920 1302 4044 llnproborum
1326 3924 1444 4046 igitur
1471 3928 1770 4045 prosperitates,
1807 3932 1944 4033 securt-

1798 4041 1943 4156 da'eque

554 4322 620 4365 tum
635 4309 663 4363 in
681 4308 815 4374 homines,
839 4324 890 4375 aut
911 4305 989 4375 hoc,
1015 4323 1063 4365 aut
1082 4304 1155 4367 illud
1172 4309 1231 4387 reji·
1269 4309 1303 4378 ti,
1318 4309 1429 4376 vanati,
1441 4304 1525 4385 fidei,
1543 4326 1603 4383 quas
1626 4306 1693 4367 dicit
1710 4306 1795 4365 Cotta
1822 4311 1850 4364 ia
1872 4306 1947 4365 trebir

553 4385 693 4482 tiendum
707 4385 835 4487 videtum
855 4384 981 4483 Davifiue
1003 4384 1109 4481 omittit
1126 4408 1231 4480 vocerp
1268 4391 1278 4444 i
1287 4384 1388 4527 'stapha
1407 4388 1460 4473 effe.
1487 4390 1594 4449 Annon
1610 4388 1742 4467 verdspes
1762 4406 1822 4478 ram
1841 4384 1870 4445 in
1893 4408 1946 4445 no·

553 4469 752 4613 ,arara
769 4490 1232 4614 a...
1270 4402 1326 4610 la
1351 4468 1678 4560 ..aa
1697 4468 1948 4609 errata

557 4625 632 4689 seut
647 4627 699 4707 (ut
711 4626 835 4710 opinor)
846 4630 985 4695 munatio
995 4588 1161 4695 in’lomines.
1180 4634 1233 4693 Ptr-
1270 4628 1313 4692 bis
1333 4628 1440 4701 insunt,
1455 4570 1611 4691 sed-aldiis
1634 4570 1773 4715 espiliada
1791 4626 1876 4689 sunt?
1892 4631 1948 4691 Lo·

557 4726 676 4783 nactust
1270 4730 1319 4772 cus
1340 4710 1380 4773 est
1396 4708 1541 4791 (opinor)
1557 4732 1724 4789 coemptus,
1744 4731 1833 4789 quem
1852 4708 1889 4769 lic
1903 4730 1947 4770 re-

559 4806 566 4813 ’
596 4803 649 4874 fiir
669 4788 959 4893 &ehsaltttlrjopiq
979 4788 1096 4863 viiloelae
1116 4791 1233 4883 samius
1269 4790 1454 4871 [limmate
1472 4792 1947 4938 mffllmm’QWll'g
