4259 5592
537 408 619 497 ot
794 334 1806 519 innutriunt-ottonum

480 627 484 633 ·
534 607 652 701 atque
676 578 832 669 mundo
844 641 858 683 ,
883 601 1020 691 praeter
1037 579 1181 694 ignem
1212 580 1294 704 er
1312 579 1454 693 magis,
1465 584 1588 693 quom
1601 582 1937 695 praeteranimtu,

533 697 642 807 unde
665 696 920 783 animantium
945 722 1111 810 quoque
1134 693 1284 780 constet
1309 698 1496 800 animos,
1527 721 1576 783 ex
1605 724 1691 810 quo
1716 696 1843 783 anima
1868 694 1933 783 di-

535 819 633 907 citur
641 815 669 897 ..2
694 819 793 919 Quo
815 809 943 897 modo
962 819 1093 896 autem
1117 811 1219 913 hoc,
1244 810 1351 925 quast
1374 810 1639 911 concedatur,
1663 810 1842 917 sumitis,
1871 815 1937 897 ni-

535 930 588 1017 hil
608 928 684 1013 effe
711 931 910 1032 animum²
941 926 1010 1011 nist
1040 928 1208 1041 igneml
1247 924 1487 1013 Probabilius
1511 925 1619 1012 enirn
1648 926 1828 1031 videtur,
1862 927 1937 1013 tale·

537 1042 732 1159 quiddam
757 1044 831 1128 elie
849 1046 1043 1146 animum,
1073 1066 1116 1129 ut
1132 1042 1175 1127 sit
1197 1068 1247 1127 ex
1262 1046 1354 1155 igne
1368 1066 1487 1158 atque
1509 1048 1638 1129 anima
1661 1062 1940 1157 temperatum

537 1158 712 1283 Qodsr
739 1157 837 1271 iguis
855 1184 904 1241 ex
926 1157 996 1242 sese
1025 1158 1104 1270 ipse
1124 1156 1261 1241 animal
1282 1160 1370 1263 est,
1409 1156 1513 1245 nulld
1541 1158 1579 1241 se
1604 1152 1675 1243 alil
1696 1158 1932 1245 admiscente

536 1276 699 1377 natust,
715 1272 906 1387 quoniam
925 1275 983 1376 ie,
1004 1268 1102 1357 clim
1119 1270 1217 1357 inest
1236 1270 1533 1387 mmorporibus
1558 1278 1720 1381 nostris,
1746 1273 1863 1359 efficit
1886 1290 1934 1358 ut

537 1386 774 1493 sentiamus,
796 1418 880 1476 non
907 1392 1035 1502 potest
1054 1386 1133 1502 ipse
1159 1388 1235 1473 effe
1259 1390 1337 1473 stne
1361 1388 1477 1473 sensu
1520 1390 1660 1475 Rursus
1686 1388 1824 1477 eadem
1854 1387 1939 1473 dici,

537 1505 709 1621 possunt.
739 1501 952 1628 Qidquid
971 1504 1026 1587 est
1044 1501 1175 1609 enim,
1209 1502 1323 1618 quod
1347 1503 1500 1591 sensum
1522 1503 1685 1610 habeat,
1710 1504 1752 1594 id
1784 1504 1934 1589 necesse

537 1621 592 1705 est
615 1618 806 1706 sentiat&
834 1616 1100 1735 voluptatem,
1123 1620 1162 1705 δι
1189 1618 1393 1705 dolorem:
1420 1618 1473 1704 ad
1499 1646 1620 1733 quem
1657 1643 1789 1705 autem
1816 1618 1941 1709 dolor,

537 1736 693 1838 veniat,
714 1730 768 1817 ad
786 1732 957 1821 eundem
980 1738 1099 1819 etiarn
1121 1730 1318 1823 interitum
1344 1739 1485 1843 venire.
1515 1740 1570 1821 lta
1590 1737 1653 1841 fit,
1669 1757 1714 1821 ut
1738 1762 1789 1819 ne
1803 1739 1941 1848 ignem·

538 1846 703 1965 quidem
723 1846 876 1935 efficere
899 1846 1044 1960 possitis
1067 1870 1262 1934 aeternum.

595 1961 707 2079 Qtd
731 1967 863 2055 enlm?
886 1991 973 2048 non
995 1963 1137 2049 eisdem
1164 1962 1278 2051 vobis
1305 1966 1454 2079 placet,
1474 1990 1639 2051 omnem
1657 1966 1782 2078 ignem
1796 1962 1933 2076 politis⁸

536 2076 735 2193 indigere-i
757 2105 831 2163 uec
853 2104 1077 2191 permanere
1101 2078 1179 2165 ullo
1200 2078 1327 2167 modo
1348 2081 1486 2194 posse,
1513 2080 1582 2165 nifi
1609 2079 1760 2164 alaturl
1783 2080 1831 2163 ali
1855 2108 1937 2164 ou-

536 2215 617 2279 tem
638 2192 781 2297 solem,
805 2192 961 2297 lunam,
986 2192 1135 2310 reliqua'
1155 2194 1249 2282 astra
1271 2200 1403 2309 aquis,
1428 2195 1506 2281 alia·
1529 2192 1731 2298 dulcibus,
1750 2193 1821 2279 alia
1846 2223 1934 2278 ma·—

536 2310 652 2398 rini's?
677 2303 855 2421 Eumque
874 2307 1025 2418 causam
1049 2309 1259 2397 Cleanthes
1286 2313 1420 2413 affert,
1439 2338 1509 2395 cur
1532 2310 1575 2395 se'
1593 2310 1646 2395 sol
1673 2310 1833 2411 reserat,
1858 2334 1934 2391 nec

534 2422 693 2537 longuis
718 2422 990 2538 progrediatur
1015 2422 1191 2511 solstitiali
1214 2425 1334 2531 orbe,
1360 2427 1534 2539 itdrnque
1557 2424 1747 2527 brumali,
1774 2450 1824 2507 ne
1843 2421 1934 2529 lotr-

534 2535 621 2654 giits
649 2534 859 2624 discedatlt
885 2536 990 2623 cibo.
1018 2544 1114 2625 Hoc
1138 2562 1268 2627 totum
1290 2540 1403 2654 quale
1423 2542 1492 2643 stt,
1519 2569 1625 2626 mox.
1655 2545 1779 2625 Nunc
1800 2558 1926 2621 autem

534 2652 820 2757 concludatur,
836 2652 954 2757 itud,
973 2653 1092 2768 quod
1113 2658 1264 2741 interire
1294 2658 1439 2767 polirt,
1462 2653 1506 2739 id
1529 2678 1713 2741 aeternum
1742 2682 1828 2739 non
1852 2652 1926 2736 elie

535 2766 693 2855 natutd:
710 2773 840 2881 ignem
868 2793 999 2854 autem
1024 2768 1270 2855 interiturum¹
1289 2770 1386 2874 ess‘e,
1406 2771 1473 2855 nist
1499 2769 1640 2855 alatur:
1658 2798 1742 2853 non
1763 2768 1838 2852 effe
1851 2769 1944 2880 igi-·

534 2909 597 2988 tur
623 2885 756 2970 naturd
781 2889 914 2997 iguem
936 2884 1220 2997 sempiternum.
1444 2958 1451 2971 .

467 3016 524 3118 'f’
562 2998 763 3118 ,Qualem
783 3022 914 3083 autern
941 2996 1063 3083 deum
1084 2999 1290 3114 intelligere
1314 3030 1387 3088 nos
1423 3000 1628 3112 possumus
1655 2996 1756 3083 nulla
1785 2996 1929 3082 virtttte

500 3070 760 3234 5preditum?
786 3112 898 3233 Qid
910 3114 1034 3204 enim?
1051 3112 1350 3226 prudentiltmne
1367 3115 1447 3200 deo
1459 3113 1673 3199 tribuemus
1686 3116 1710 3195 ,ἲ
1723 3137 1812 3225 quae
1829 3138 1929 3195 con-

533 3230 602 3327 stat
626 3259 677 3334 ex
703 3225 856 3312 scientia
879 3255 1009 3313 terum
1030 3228 1226 3314 bonorum
1242 3232 1280 3317 &
1299 3232 1510 3333 malarum,
1531 3230 1569 3313 δι
1581 3290 1594 3331 ,
1620 3258 1693 3313 nec
1710 3225 1926 3327 bonarum,

533 3374 613 3431 nec·
630 3343 826 3429 malarum
856 3347 936 3428 Cui
965 3343 1054 3426 mali
1080 3344 1172 3429 nihil
1204 3345 1282 3450 est,
1315 3339 1387 3432 nec
1411 3346 1486 3430 else
1519 3344 1671 3455 potest,
1701 3339 1800 3454 quid
1835 3339 1928 3425 huic

531 3466 635 3572 opus
661 3460 714 3556 est
736 3455 887 3543 deledu
920 3455 1119 3555 bonorum
1146 3460 1416 3552 drmalorum.>
1446 3458 1558 3583 Qid
1585 3481 1716 3543 autem
1741 3457 1927 3540 tatione?

532 3574 631 3690 q'uid
653 3570 923 3687 intelligentilt?
939 3573 1085 3686 quibus
1106 3579 1251 3661 utimur
1269 3574 1319 3661 ad
1334 3602 1426 3661 eam·
1444 3602 1525 3658 rem
1539 3639 1553 3680 ‚
1566 3597 1612 3662 ut
1624 3576 1767 3688 apertis
1786 3570 1927 3656 obscu-

563 3710 569 3719 ·
1886 3711 1928 3771 ta

529 3888 722 3965 ploratiorem.
744 3891 801 3969 Sed
819 3887 851 3949 in
868 3908 904 3950 eo
924 3888 1101 3967 explanando
1124 3890 1207 3969 porto
1239 3910 1296 3966 quo
1316 3910 1351 3950 ex
1373 3894 1435 3953 aire
1448 3898 1622 3953 animantium
1643 3913 1745 3974 quoque
1759 3891 1849 3965 cmllet
1868 3894 1922 3951 orri-

530 3972 691 4048 pe'rgamus.
1239 3991 1306 4031 mus.
1329 3972 1417 4033 Multi
1444 3972 1523 4033 enim
1547 3992 1652 4033 veteres
1688 3970 1850 4051 philosophi
1874 3974 1922 4032 a‘e'·

567 4052 608 4124 ll.
628 4048 689 4129 Qui
703 4052 787 4128 mugit
797 4046 903 4129 ,quim
934 4067 1028 4133 yraecer
1055 4048 1205 4113 animam?
1238 4072 1321 4113 reum
1335 4054 1386 4113 else
1406 4053 1536 4114 animum
1550 4054 1716 4116 censuerunt
1736 4074 1745 4112 ε
1766 4054 1826 4113 imo
1843 4052 1923 4133 ipsum

529 4132 705 4210 Quomodo,
728 4130 835 4207 inquit,
856 4128 911 4192 five
938 4135 993 4211 qui
1008 4136 1095 4214 causi·
1116 4132 1205 4213 magis
1238 4132 1283 4213 effe
1301 4141 1363 4193 airu
1382 4138 1446 4195 dut»
1469 4140 1646 4197 Anatimenes
1666 4156 1675 4195 τ
1696 4135 1919 4219 ffiypoaatesspr'·

528 4211 613 4272 vultis
626 4211 696 4271 nihil
711 4211 763 4271 esse
783 4210 888 4272 animal
900 4210 1066 4275 extrinsecus
1081 4214 1111 4273 in
1124 4235 1206 4275 mun·
1231 4220 1319 4277 ,ritum
1344 4236 1447 4277 remum
1464 4230 1513 4297 per
1544 4233 1633 4301 corpru
1660 4238 1738 4278 omne
1766 4214 1927 4299 diuersum:

453 4345 457 4349 Α
528 4292 571 4354 do'
583 4312 679 4373 praeter
697 4291 816 4378 ignem,
837 4296 923 4371 quint
944 4314 1041 4379 pretet
1062 4294 1205 4367 animum:
1243 4301 1405 4357 Democritus
1430 4297 1552 4381 spirimm
1581 4298 1705 4379 inseratur
1740 4304 1834 4359 atomis
1870 4297 1926 4365 dre.

525 4375 584 4435 lto'c
600 4374 656 4447 est,
668 4394 764 4453 praeter
781 4377 884 4445 adrem,
901 4376 949 4454 qui
966 4371 1060 4457 spiritu
1073 4374 1203 4441 ducitur?
1242 4380 1370 4441 Macrob.
1386 4378 1417 4439 in
1431 4382 1533 4441 Sumo.
1548 4381 1624 4461 Scip.
1637 4380 1703 4445 loco
1725 4379 1779 4442 illo
1796 4379 1918 4442 moxin-

526 4456 644 4533 Etjver‘o
668 4455 725 4534 ipse
743 4455 881 4538 Virgilius
904 4474 952 4541 pro
968 4460 1127 4541 spiramento
1147 4465 1205 4520 ani·
1239 4460 1341 4522 dicato.
1425 4518 1428 4525 ,
1709 4506 1713 4513 -

526 4557 599 4596 mam
619 4540 704 4607 dicit,
739 4557 771 4600 ut
799 4533 897 4600 nudior
918 4538 959 4599 est
987 4537 1151 4603 Macrobius
1175 4540 1204 4601 in
1280 4546 1330 4605 IV.
1352 4546 1393 4601 Ex
1412 4548 1563 4624 qrtoanima
1578 4544 1671 4604 dicitur
1702 4568 1710 4602 :
1738 4544 1816 4621 quod
1834 4560 1924 4602 ununt

520 4618 626 4696 Sumo.
643 4618 716 4695 Scip.
731 4622 754 4679 1.
779 4641 831 4693 14,
857 4618 908 4681 ubi
926 4621 959 4682 &
983 4620 1056 4685 illud
1075 4622 1203 4685 Maronis
1240 4623 1348 4701 ruperat
1376 4644 1412 4685 ert
1433 4622 1540 4688 difficili
1566 4624 1634 4687 loco
1654 4647 1664 4695 3
1685 4623 1733 4685 sed
1754 4620 1914 4685 difficillime
1953 4685 1956 4691 Δ
2090 4614 2091 4665 3

525 4696 623 4769 offert,
643 4704 782 4779 Quantum
796 4707 872 4779 ignes
882 4743 891 4773 ‚
901 4709 1045 4784 animaque
1064 4706 1163 4765 valent.
1244 4705 1466 4783 expediendum,
1487 4704 1535 4765 uisi
1551 4706 1620 4784 quid
1635 4704 1803 4767 immutetur
1816 4706 1846 4765 in
1864 4705 1915 4763 hoc

510 4795 513 4799 ·
565 4780 627 4859 HL.
642 4782 730 4880 (Μαι
754 4780 785 4844 id
805 4782 862 4857 eli,
880 4806 981 4867 quaex
999 4784 1111 4875 animm
1131 4784 1202 4867 lire,
1233 4790 1596 4889 *comertufflobetnquoe
1608 4787 1696 4874 paulo
1709 4787 1774 4855 oute
1787 4782 1917 4931 progatio
