4259 5592
541 442 644 517 ao
791 338 1813 507 ·onnirunrouonuu

545 567 689 727 pm,
708 599 830 690 mun
848 606 965 692 enm
989 597 1161 720 penna
1178 545 1335 727 repuli
1353 540 1450 685 nne
1478 602 1575 687 mc
1595 604 1712 716 igilur
1740 602 1818 691 rve
1842 598 1940 712 n,

545 726 624 811 live
645 718 995 827 arnfivenatun,
1012 711 1274 803 adiciendam
1287 732 1417 801 rerum
1434 713 1650 803 lirtumrurn
1671 720 1825 807 honu'ni
1838 747 1943 843 pro·¹

547 833 729 939 fedosest
741 896 756 939 ,
777 862 851 921 nec
870 828 919 920 ab
943 831 1022 917 alio
1043 828 1177 933 alicui,
1198 831 1319 943 quam
1342 834 1366 915 d
1399 828 1473 917 diis
1489 831 1809 941 immortalibus,
1834 833 1942 929 dara,

547 950 697 1074 Qasr
720 946 868 1064 singula
887 976 963 1035 vos
987 944 1090 1032 forte
1105 972 1188 1031 non
1215 966 1378 1031 movent
1390 1008 1409 1050 ,.
1428 945 1603 1033 universa
1614 950 1719 1036 certi
1732 972 1866 1036 tamen
1874 949 1941 1035 in-

546 1090 604 1155 ter
627 1065 862 1151 seconnexa
874 1124 892 1167 ,
907 1085 1027 1174 atque
1050 1057 1258 1169 conjunlia
1281 1086 1443 1147 movere
1460 1055 1679 1150 debebunt..
1769 1086 1771 1091 ’
1947 1118 1953 1133 ·

602 1184 689 1266 Nec
705 1181 801 1264 vero
826 1176 1006 1263 universo
1033 1177 1165 1287 generi
1181 1175 1394 1261 hominiun
1416 1174 1563 1283 solum,
1582 1174 1785 1264 sedetiam
1804 1180 1945 1295 singu·

545 1296 590 1383 lis
613 1298 640 1399 l
663 1291 738 1378 diis
764 1286 1214 1380 inmortalibus-consui
1245 1288 1285 1375 &
1315 1288 1514 1403 provideri
1548 1290 1670 1379 soler.¹
1692 1296 1800 1381 Licet
1816 1300 1937 1381 enim

547 1409 777 1498 contrahere
795 1406 1079 1493 univerliratem
1093 1404 1446 1518 generis'hum'ani,
1467 1409 1637 1521 eamque
1669 1407 1858 1523 gradatim
1886 1406 1944 1496 ad

547 1525 774 1641 pauciores,
795 1521 994 1634 postremo
1014 1516 1209 1604 deducere
1234 1516 1301 1602 ad*
1314 1519 1497 1632 fingrlor.
1530 1556 1533 1561 ·

475 1660 535 1780 ξ·
604 1637 754 1726 Namfi
776 1634 962 1722 omnibus
985 1628 1311 1763 homimbm,qui
1332 1630 1480 1749 ubique
1499 1634 1607 1741 sunt,
1628 1664 1882 1752 quacumque
1897 1586 1952 1725 in

549 1780 619 1839 ora
639 1780 685 1881 pc
702 1772 810 1866 parte
835 1772 1042 1854 terrarum,
1061 1746 1113 1835 ab
1140 1748 1295 1859 hiuusce
1322 1769 1455 1855 terrae,
1477 1778 1598 1860 quarn
1621 1780 1698 1839 nos
1711 1752 1915 1840 incolimus
1923 1816 1952 1857 ,-

547 1870 845 1972 continuatione
873 1864 1096 1951 dillantium
1108 1926 1122 1968 ,
1136 1860 1235 1947 deos
1252 1860 1449 1949 consulere
1467 1866 1669 1951 censemus
1685 1863 1742 1953 ob
1763 1894 1827 1953 eas
1844 1896 1941 1954 cau·

549 1984 626 2086 sas,
647 2009 744 2096 quas
767 1980 865 2063 ante'
881 1978 1072 2067 diximus:
1092 1981 1151 2065 his
1176 2005 1232 2091 qu
1292 2004 1342 2062 ue
1358 1979 1584 2065 hominibus
1606 1979 1832 2086 consulunt,
1866 1986 1947 2095 qui

549 2098 619 2183 has
643 2092 848 2184 nobistum
862 2116 977 2181 terras
1000 2088 1058 2181 ab.
1076 2096 1266 2180 orientea
1320 2092 1566 2180 occidentem
1586 2094 1733 2182 ‘colunt
1774 2098 1840 2181 Sin
1866 2122 1940 2180 au-

549 2231 630 2295 tem
651 2212 710 2300 his
733 2206 959 2314 consulunt,
981 2213 1050 2322 qui
1084 2208 1194 2324 quali·
1213 2234 1393 2323 magnam
1418 2208 1620 2325 quandam
1638 2208 1798 2296 insulam
1826 2210 1941 2297 inco·

550 2324 661 2428 lunt,
690 2352 810 2438 quam
833 2350 907 2410 nos
928 2324 1189 2410 orbemterrae
1212 2350 1421 2411 vocamus:
1458 2328 1581 2411 etiarn
1600 2323 1670 2412 illis
1699 2325 1940 2430 consulunt,

552 2437 624 2551 qui
642 2461 767 2549 partes
795 2438 873 2551 ejus
895 2437 1019 2524 insula
1043 2462 1202 2543 tenent,
1224 2442 1445 2553 Europam,
1457 2440 1607 2545 Aliam,
1627 2438 1808 2527 Africam.
1836 2444 1945 2557 Ergo

551 2552 591 2635 dr
612 2580 745 2639 earum
768 2570 895 2665 partes
918 2549 1112 2667 diligunt,
1133 2576 1180 2639 ut
1203 2557 1391 2658 Romam,
1409 2554 1603 2659 Athenas,
1621 2559 1820 2669 Spartani,
1834 2557 1950 2641 Rho--

552 2665 675 2753 dum:
699 2668 739 2753 8(
759 2693 892 2752 earum
912 2662 1069 2752 urbium
1086 2666 1282 2781 separatim
1299 2664 1347 2751 ab
1373 2669 1555 2753 universis
1572 2668 1743 2784 singulos
1755 2668 1942 2781 d'ligunt,

551 2801 597 2867 ut
618 2783 755 2898 Pyrrhi
778 2780 881 2869 belo
894 2785 1089 2885 Curium,
1112 2778 1352 2886 Fabricium,
1371 2787 1670 2869 Coruncanium
1686 2812 1704 2884 ς
1718 2783 1844 2897 pn’rno
1860 2788 1945 2869 Pu-·

385 2906 390 2911 ’
551 2900 645 2980 nico
666 2894 917 2999 Calatinum,
930 2898 1144 3001 Duillium,
1159 2894 1380 3001 Metellum,
1405 2896 1601 2984 Lutatimn
1616 2926 1630 2998 3
1647 2893 1828 2983 secundo
1853 2898 1949 2983 lila-¹

552 3012 725 3113 ulmum,
738 3009 987 3113 Marcellum,
1002 3010 1252 3109 Africanum
1269 3011 1359 3123 post
1381 3012 1456 3096 hos
1478 3012 1669 3115 Paulum,
1691 3013 1942 3116 Gracchum,

552 3128 773 3226 Catonem,
791 3129 997 3237 patriamve
1029 3121 1488 3236 memoriiScipionem,
1507 3126 1687 3212 Laium:
1719 3126 1940 3239 multdsque

552 3257 737 3353 praterea
751 3238 796 3324 de
814 3238 949 3324 nostra
955 3242 1109 3346 civitas,
1135 3240 1177 3326 δῖ’
1191 3242 1340 3327 Gracia
1359 3238 1443 3325 tulit
1466 3240 1671 3353 singulares
1683 3242 1815 3345 viros,
1838 3270 1944 3354 quo-

553 3381 639 3438 rum
662 3356 856 3437 neminem
880 3354 948 3439 nisi
967 3352 1124 3461 juvante
1136 3353 1219 3441 deo.
1237 3350 1474 3439 talemfuille
1495 3353 1737 3441 credendum
1759 3356 1825 3439 eli
1843 3362 1942 3470 Qua

553 3471 655 3553 ratio
678 3473 844 3577 poitas,
872 3470 1121 3581 maxinlque
1143 3474 1390 3571 Homerum,
1415 3466 1591 3583 impulit,
1626 3492 1671 3555 ut
1698 3472 1826 3584 princi
1855 3466 1938 3554 ibus

552 3582 748 3686 heroum,
764 3579 902 3694 Ulylli,
928 3582 1142 3687 Diomedi,
1161 3587 1471 3699 Agamemnoni,
1495 3582 1653 3695 Achilli,
1676 3606 1805 3669 certos
1870 3612 1941 3688 os,

553 3692 869 3805 discriminum&
887 3695 1151 3809 periculorum
1167 3695 1351 3802 comites,
1368 3696 1603 3813 adjungeret.
1634 3702 1816 3783 Praeterea
1836 3698 1940 3811 ipso-

510 3814 514 3818 ’
554 3838 642 3895 rum
660 3807 827 3895 deorum
849 3812 945 3924 mpe
970 3812 1199 3925 prasentia,
1221 3814 1352 3925 quales
1378 3813 1488 3925 supri
1514 3817 1848 3918 commemoravi,
1869 3808 1942 3899 de-

554 3920 774 4026 claram,ab
787 3926 846 4009 his
865 3925 1147 4029 &civintibus,
1160 3926 1368 4041 &lingulis
1384 3924 1607 4013 hominibus
1627 3926 1784 4013 consuli.
1814 3924 1942 4035 Qod

554 4036 723 4155 quidem
732 4039 950 4236 intelligprur
967 4040 1083 4126 etiarn
1101 4038 1445 4155 significationibus
1462 4070 1588 4128 rerum
1602 4042 1842 4145 fiiturarum,
1856 4069 1942 4157 quae

552 4178 638 4242 rum
658 4151 867 4238 dormientr
895 4185 971 4260 us,
988 4176 1075 4241 turn
1095 4156 1339 4269 vigilantibus
1361 4156 1659 4270 portenduntur
1699 4154 1823 4243 Multa
1845 4186 1946 4269 pra-

552 4293 656 4358 terea
676 4268 1001 4373 ollentis„mrlta
1028 4270 1125 4356 extis
1153 4268 1441 4375 admonemur,
1470 4272 1672 4385 multisque
1695 4270 1811 4357 rebus
1836 4268 1943 4357 aliis:

555 4412 650 4498 quas
667 4381 873 4469 diuturnus
895 4386 988 4470 usuc
1006 4386 1059 4472 ita
1081 4391 1258 4493 notavit,
1282 4410 1326 4475 ut
1350 4408 1476 4475 artem
1484 4387 1735 4475 divinationis
1762 4386 1947 4473 efficeret.

554 4495 818 4613 Nemo'igitur
831 4498 890 4585 vir
901 4528 1065 4614 magnus
1082 4504 1162 4589 fine
1176 4500 1310 4616 aliquo
1323 4504 1459 4589 afflatu
1473 4502 1615 4603 divino
1628 4499 1907 4619 unquamfirit.

612 4615 701 4699 Nec
717 4617 813 4700 vero
833 4612 889 4703 ita
905 4614 1155 4703 refellendum
1163 4617 1254 4722 lest,
1280 4640 1348 4722 ut,
1369 4618 1611 4736 sisegetibus
1630 4641 1699 4703 aut
1719 4612 1859 4703 vinetis
1872 4644 1944 4701 cu-
2093 4612 2094 4671 3

553 4724 712 4843 itspiam
736 4729 938 4844 tempestas
957 4736 1163 4841 nouretit,
1181 4734 1299 4821 aursi
1321 4734 1470 4851 quide
1492 4739 1577 4825 rita
1599 4730 1825 4825 commodis
1838 4730 1943 4816 min

1810 4844 1942 4934 muu-
