4259 5592
551 448 635 551 „r
814 424 923 517 uu
979 418 1372 513 ιιΑτιιιιΑ
1429 414 1826 515 uuolton

401 708 405 715 .
544 649 611 711 aur
633 617 839 735 repentinis
861 637 1047 703 terrarum
1068 609 1258 729 hintibtu:
1283 631 1396 712 trun,
1412 618 1554 723 'proter
1578 630 1783 716 naturum,
1806 610 1945 702 homi,

544 768 640 825 num
668 729 952 851 pecudumque
974 733 1189 842 portentis:
1214 750 1300 813 turn
1324 722 1475 809 facibus
1502 723 1590 809 visu
1611 726 1943 817 caelestibtuzttuu

543 852 651 945 stellis
679 854 751 952 iis,
773 876 869 957 quas
892 848 1016 937 Graeci
1039 865 1243 945 cometas,
1265 838 1383 925 nostri
1406 837 1644 926 cincinnatas
1665 865 1811 930 vocant
1824 907 1839 948 ,
1854 873 1942 958 quae

542 992 668 1079 nuper
694 960 797 1049 bello
821 962 1042 1049 Otiaviano
1071 984 1298 1073 magnatum
1314 952 1472 1040 fuerunt
1483 954 1744 1043 calamitatum
1834 988 1943 1045 nun-

541 1087 629 1175 tiae:
654 1102 740 1165 tum
761 1074 837 1161 sole
857 1076 1056 1191 geminato
1068 1136 1082 1177 ‚
1105 1070 1243 1189 quod,
1265 1092 1308 1154 ut
1330 1070 1353 1155 ὲ
1374 1091 1482 1181 patre
1501 1068 1635 1156 audivi
1647 1135 1662 1177 ,
1680 1074 1719 1159 T
1718 1102 1746 1157 u
1779 1076 1882 1163 'uuo
1901 1076 1942 1161 δι

542 1193 703 1309 Aquilio
727 1187 976 1293 consulibus,
1003 1210 1205 1287 evenerat3
1226 1213 1311 1299 quo
1345 1184 1508 1311 quidem
1531 1214 1638 1273 anuo
1665 1192 1707 1275 P.-
1737 1186 1940 1275 Africanus

540 1310 597 1398 so!
616 1308 709 1397 alter
728 1308 935 1395 exstinftus
955 1303 1020 1389 est.
1101 1303 1216 1389 uibus
1240 1302 1407 1383 exterriu
1427 1299 1608 1385 homines
1633 1305 1714 1387 vitu
1741 1302 1942 1417 quandam

542 1425 619 1513 esse
645 1408 827 1511 colestem
853 1422 894 1507 δι
917 1416 1091 1503 divinam
1126 1418 1285 1529 uspiotti
1315 1413 1411 1501 sunt
1445 1421 1634 1532 Quartam
1659 1420 1814 1503 cauum
1837 1421 1940 1524 eisc,

542 1536 797 1651 eimquerel
822 1538 1053 1637 ιιιιιιὶιιιιιιι,
1066 1528 1364 1648 aequabtlitatem
1377 1530 1537 1635 motus,
1550 1534 1848 1619 conversionem
1864 1564 1941 1621 ω-

542 1654 592 1743 li:
619 1651 730 1756 solis,
758 1646 1162 1761 lunae,s1derr‘tmque
1188 1649 1370 1733 omnium
1395 1644 1683 1732 distinetionem
1702 1645 1770 1752 ¹⁶,
1799 1650 1940 1737 utilita-

545 1794 647 1871 tem,
659 1764 1004 1881 pulchritudinem,
1013 1762 1215 1850 ordinem:
1233 1789 1401 1873 quarum
1421 1788 1548 1846 retum
1559 1760 1762 1873 adsentitur
1785 1765 1865 1877 ipse
1882 1764 1939 1851 sa-

497 1886 505 1893 '
547 1882 595 1977 tis
618 1880 832 1985 indicaret,
854 1910 937 1969 nou
962 1881 1038 1965 effe
1061 1906 1107 1963 ea
1137 1878 1309 1963 fortuitu
1351 1874 1406 1962 Ut
1427 1874 1456 1957 sr
1478 1878 1566 1989 quis
1594 1878 1636 1960 in
1666 1874 1837 1983 domum
1870 1880 1939 1965 ali-

546 2026 698 2113 quam,
722 2016 790 2083 aut
813 2000 854 2081 in
879 1994 1121 2111 gymnasrum
1137 2055 1152 2095 ,
1169 2012 1237 2075 aut
1258 1993 1299 2074 in
1327 1988 1461 2075 forum
1490 1990 1659 2095 venerit,
1693 1990 1787 2077 crim
1807 1994 1937 2080 videat

545 2112 726 2209 omnium
750 2136 878 2195 rerum
900 2111 1113 2213 rationem,
1132 2102 1324 2207 modum,
1351 2103 1610 2218 disciplinam,
1639 2136 1722 2193 nou
1751 2110 1869 2222 poffit
1891 2137 1939 2193 ea

544 2230 623 2323 fine
653 2224 763 2317 causa
783 2222 866 2315 fieti
891 2221 1082 2335 judicate,
1113 2222 1177 2307 sed
1202 2220 1279 2303 effe
1303 2218 1473 2333 aliquem
1494 2217 1675 2335 intelligat
1688 2284 1702 2327 ,
1715 2227 1787 2336 qui
1806 2225 1939 2336 praestt,

406 2344 410 2353 ’
546 2344 591 2439 δι,
605 2348 670 2427 cui
721 2360 891 2428 artatur:
914 2336 1039 2423 multo
1069 2340 1192 2449 magis
1216 2330 1259 2419 in
1280 2335 1399 2419 'tantis
1425 2335 1670 2421 motionibus
1683 2338 1869 2450 tantisqQ
1880 2344 1940 2425 vi·

546 2458 673 2545 ciffitu
696 2453 857 2558 imbus,
877 2478 957 2545 tarn
977 2450 1187 2537 muitarum
1207 2478 1336 2535 rerum
1357 2475 1477 2563 atque
1495 2472 1687 2537 tantarum
1709 2452 1939 2557 ordinibus,

545 2576 586 2660 in
614 2565 758 2685 quibus
780 2570 873 2653 nihil
897 2566 1334 2683 unquamimmensa'&
1357 2566 1507 2651 infinita
1535 2566 1699 2653 vetustas
1710 2570 1939 2671 mentitasrt,
2077 2663 2078 2666 w

429 2778 441 2790 ,
546 2686 682 2771 statuat
705 2686 853 2773 necesse
879 2684 932 2767 est
944 2747 957 2795 ,
982 2682 1033 2771 ab
1053 2680 1181 2800 aliqua
1215 2700 1346 2767 mente
1378 2686 1506 2768 tantos
1536 2702 1678 2769 naturae
1705 2705 1840 2769 motus
1865 2712 1939 2797 gu·
2077 2711 2078 2714 ‘

471 2866 474 2873 .
547 2798 707 2889 bernati.
742 2878 745 2890 .

468 2954 526 3009 -τ
604 2916 850 3028 Chrysrppus
876 2912 1066 3025 quidem,
1086 2942 1193 3028 quan
1221 2939 1314 2995 uam
1338 2910 1392 2994 est
1406 2911 1596 2997 acerrimo
1612 2909 1797 3027 iugenio,
1813 2936 1942 2999 tamen

483 3001 510 3077 ⁶
547 3056 591 3119 ea
610 3028 730 3134 dicit,
754 3052 796 3115 ut
815 3027 866 3125 ab
886 3028 964 3141 ipsa
988 3049 1126 3113 natura
1150 2942 1357 3127 diiiciffe,
1382 3055 1467 3111 non
1494 3049 1540 3111 ut
1564 3030 1642 3139 ipse
1676 3030 1855 3142 reperiffe
1880 3032 1940 3113 vi-

548 3142 697 3229 deutur.
727 3146 766 3233 Si
788 3140 916 3245 enim,
943 3144 1094 3255 inquit,
1117 3142 1173 3227 est
1191 3140 1339 3255 aliquid
1356 3146 1539 3227 interum
1558 3164 1720 3247 natura,
1736 3141 1851 3258 quod
1865 3144 1940 3228 ho-

548 3261 662 3343 minis
687 3252 818 3361 mens,
841 3254 955 3370 quod
980 3258 1106 3364 tatio,
1129 3255 1243 3369 quod
1258 3258 1338 3358 vis,
1352 3252 1468 3367 quod
1487 3257 1654 3369 potestas
1676 3258 1942 3343 humanaeffi-

547 3400 633 3465 cete
657 3402 739 3459 non
765 3373 900 3487 poffit:
921 3372 974 3459 est
996 3372 1099 3459 certe
1119 3370 1183 3477 id,
1205 3369 1318 3484 quod
1343 3368 1438 3454 illud
1454 3372 1593 3475 efficit,
1617 3372 1779 3457 homine
1796 3371 1938 3458 melion

546 3490 668 3600 Atqui
692 3514 750 3571 res
782 3486 966 3591 coelestes,
988 3486 1202 3599 omneique
1229 3512 1311 3587 eae,
1336 3513 1503 3598 quarum
1537 3486 1590 3570 est
1617 3486 1722 3573 ordo
1747 3488 1939 3598 sempiter-
2075 3501 2076 3504 ‘

546 3632 645 3705 uus,
678 3600 727 3689 ab
751 3603 916 3687 homine
948 3604 1094 3687 confici
1117 3630 1201 3686 non
1231 3599 1405 3714 poffunt.
1448 3601 1510 3685 Est
1533 3605 1650 3715 igitur
1675 3600 1741 3705 id,
1786 3606 1860 3688 ‘uo
1884 3601 1939 3686 issa

513 3812 516 3825 ι
548 3712 841 3819 confruuntur,
866 3716 1027 3799 homine
1060 3714 1208 3803 melius.
1255 3712 1298 3799 ld
1328 3736 1460 3800 autem
1488 3715 1586 3829 quid
1612 3721 1748 3829 potius
1774 3634 1939 3820 iixeris,

547 3836 669 3945 quim
688 3829 809 3916 deum
823 3832 847 3917 ‚2
874 3828 1026 3917 Etenim
1049 3829 1078 3915 sr
1103 3830 1160 3919 dii
1181 3858 1266 3916 non
1283 3828 1402 3932 sunt,
1424 3830 1523 4029 quq
1556 3835 1631 3917 effe
1660 3834 1797 3944 potest·
1815 3836 1857 3917 r'n
1881 3859 1940 3916 re-

546 3972 633 4036 rum
655 3970 793 4055 natura
818 3946 979 4031 homine
1005 3942 1170 4039 meliust
1198 3950 1239 4030 ln
1265 3971 1319 4029 eo
1337 3942 1441 4028 enim
1464 3945 1506 4031 so
1520 3977 1547 4031 o
1574 3945 1673 4033 ratio
1689 3947 1769 4053 est,
1789 3944 1940 4061 quini-

546 4058 599 4149 hil
624 4052 752 4173 potest
779 4060 855 4146 effe
875 4060 1122 4172 prestantius.
1161 4060 1246 4146 Effe
1267 4078 1398 4143 autem
1430 4060 1656 4167 hominem,
1682 4062 1753 4177 qui
1779 4063 1873 4147 nihil
1899 4063 1938 4146 in

548 4177 658 4263 omni
679 4171 834 4259 mundo
855 4174 994 4263 melius
1017 4175 1095 4260 effe
1116 4178 1237 4287 quum
1259 4176 1294 4259 se
1315 4196 1447 4287 putet,
1465 4174 1684 4285 desipientis
1714 4182 1938 4292 arrogantia

548 4290 612 4375 est.
643 4292 748 4411 Ergo
767 4289 822 4375 est
847 4287 995 4407 aliquid
1016 4288 1166 4405 melius.
1195 4289 1258 4379 Est
1281 4293 1399 4404 igitur
1414 4290 1596 4406 prostitit
1616 4292 1725 4378 deus.

1877 4415 2074 4495 An‘

590 4602 636 4645 nr.
657 4582 868 4659 Dfir‘nch'onem,
891 4581 1062 4657 utilitatem,
1080 4586 1224 4669 polemius·
1263 4585 1425 4658 0tnittattu,
1440 4586 1517 4665 quud
1538 4586 1574 4647 de
1593 4585 1725 4653 utilem,
1737 4586 1793 4661 qui
1811 4582 1940 4643 homines

545 4666 662 4735 dinem]
682 4666 727 4724 Ex
745 4662 778 4723 iis
791 4663 886 4749 quus
912 4665 1226 4737 uuntut‚mmifessurn
1264 4667 1378 4733 addueii
1407 4672 1477 4731 deos
1502 4667 1674 4748 agnoscunt,
1704 4686 1765 4727 non
1792 4661 1824 4723 in
1848 4682 1940 4744 quam

546 4744 603 4819 eu,
621 4686 950 4823 varietuemtpotiuiiuc
973 4748 1025 4815 effe
1046 4750 1228 4830 legendum,
1263 4748 1369 4822 causti,
1393 4748 1442 4814 sed
1467 4749 1499 4810 in
1528 4749 1650 4813 secundi
1668 4746 1849 4839 mentionem
1869 4743 1941 4804 facit
2072 4785 2073 4828 t

547 4832 649 4909 qu'am,
666 4845 698 4893 ιιι
722 4827 826 4919 antei,
851 4828 988 4897 utilitatem
1007 4852 1018 4901 r
1039 4849 1071 4897 ιιι
1088 4830 1138 4896 illa
1159 4827 1229 4895 ratio
1263 4836 1362 4909 Quam
1375 4832 1549 4905 ustionem,
1563 4850 1596 4897 ur
1609 4831 1779 4905 meliorem,
1795 4848 1828 4889 tn
1845 4826 1943 4972 nouimus
2072 4839 2073 4910 j
