4259 5592
541 460 626 534 ,622
802 440 910 526 DE
967 434 1358 526 NATURA
1414 434 1810 527 DEORUM

530 628 684 714 eludit:
710 626 828 741 Qud
849 634 995 709 ratione
1015 625 1171 729 utitur,
1192 626 1329 709 melius
1359 623 1429 738 est,
1457 624 1665 739 qurlmr'd,
1691 626 1794 741 qnod
1813 625 1929 711 rario-

532 775 580 826 ne
604 776 675 827 aon
699 746 837 826 utitur.
868 742 982 830 Nihil
1002 764 1136 824 autem
1161 742 1299 825 mundo
1323 740 1470 825 melius.
1499 741 1801 857 Rationrs'gitun
1815 775 1930 829 mun·

531 861 605 942 dus
631 859 768 947 utitur.
798 862 894 943 Hoc
921 859 948 940 sr
973 860 1126 975 placer,
1147 859 1223 969 jam
1249 858 1419 961 efficies,
1445 880 1490 943 ut
1508 855 1686 943 mundus
1713 863 1865 975 optimi
1885 860 1929 944 li-

530 974 648 1060 brum
673 975 803 1090 legere,
821 974 1011 1059 videatur.
1038 978 1211 1060 Zenonis
1237 972 1343 1057 enim
1370 972 1533 1085 vestigiis
1554 976 1637 1059 hoc
1656 976 1787 1061 modo
1811 979 1930 1062 ratio·

528 1118 620 1175 nem
647 1096 795 1205 poteris
835 1089 1081 1175 concludere.
1126 1087 1254 1197 Quod
1284 1088 1472 1173 literatum
1505 1088 1585 1195 cll,
1611 1088 1653 1173 id
1686 1091 1740 1173 est
1763 1090 1929 1195 melius,

524 1210 653 1318 *quim
673 1203 786 1321 quod
806 1234 891 1289 non
922 1206 976 1288 est
995 1205 1196 1291 literalem.
1224 1203 1333 1291 Nihil
1361 1225 1490 1289 aurem
1515 1202 1670 1289 mando
1688 1205 1835 1289 melius.
1860 1204 1928 1292 Li·

530 1347 674 1407 terarus
688 1326 806 1437 igitur
828 1324 880 1403 eli
902 1320 1087 1407 mundus.
1120 1320 1194 1405 lsto
1220 1320 1348 1406 modo
1374 1320 1490 1402 etiam
1506 1316 1692 1426 disertus,
1712 1318 1752 1404 de
1769 1321 1925 1433 quidem

530 1441 849 1538 mathematicus,
884 1438 1082 1541 musicus,
1113 1440 1221 1520 omni
1248 1435 1422 1550 denique
1447 1433 1928 1549 dcilrinieruditnsfflo-

529 1554 670 1638 litemb
693 1552 950 1665 philosophus
964 1557 1035 1637 erit
1053 1550 1238 1633 mundus.
1267 1549 1509 1665 Sapedixri,
1526 1550 1619 1634 nihil
1643 1554 1724 1634 fieri
1744 1552 1925 1657 hoedeo,

528 1696 601 1751 nec
628 1664 743 1751 ullam
766 1674 847 1752 vim
885 1669 960 1749 elle
985 1688 1156 1772 naturae,
1198 1689 1240 1749 ut
1268 1663 1324 1751 sui
1360 1664 1550 1749 diss'milia
1577 1668 1703 1781 pollet
1727 1668 1925 1780 effmgere.

528 1784 763 1869 Concedam
786 1810 868 1865 non
894 1781 1021 1866 modi>
1041 1788 1276 1865 animantem
1300 1785 1338 1868 8(
1363 1784 1569 1894 lapienrem
1593 1786 1671 1865 elle
1691 1781 1922 1889 rrnrnclum,

526 1897 589 1980 sed
614 1894 814 1983 fidicinem
838 1898 954 1977 etiam
973 1898 1011 1981 &
1033 1892 1256 1999 tibicinem,
1280 1902 1471 2009 quoniam
1504 1922 1636 1981 earnm
1675 1923 1839 2009 quoque
1862 1926 1924 1981 ar-

523 2012 622 2096 tium
647 2013 832 2097 homines.
859 2037 908 2112 ex
932 2037 982 2096 eo
1011 2032 1274 2121 procreantur.
1324 2011 1432 2098 Nihil
1456 2014 1572 2121 igitur
1587 2013 1700 2095 affert
1721 2035 1826 2124 parer
1853 2011 1922 2096 ille

522 2130 773 2232 Stoicorum,
801 2152 921 2240 quare
936 2124 1133 2210 mundum
1155 2126 1305 2209 ratione
1342 2125 1399 2209 uri
1418 2146 1632 2237 patremus,
1653 2154 1725 2212 nec
1747 2152 1814 2209 eur
1835 2130 1921 2211 ani·

521 2266 697 2326 mantem
723 2240 887 2355 quidem
907 2242 995 2325 effe.
1031 2246 1133 2327 ‘Non
1154 2243 1206 2322 eli
1229 2242 1347 2354 igitur
1378 2238 1550 2325 mundus
1571 2241 1672 2327 deus
1688 2270 1704 2326 ε·
1730 2240 1768 2324 dr
1793 2261 1920 2325 tamen

519 2354 615 2439 nihil
638 2358 693 2438 est
714 2384 764 2441 eo
792 2357 938 2440 melius.
968 2354 1079 2440 Nihil
1105 2358 1156 2438 est
1180 2360 1285 2439 enr'm
1308 2382 1359 2440 eo
1384 2355 1603 2469 pulchrius,
1625 2355 1717 2440 nihil
1733 2348 1848 2440 nobis
1865 2360 1918 2441 sa-

518 2467 702 2575 lutarius,
728 2467 822 2554 nihil
839 2471 1012 2556 ornatius
1030 2468 1456 2583 adspeeiu,moti1qne
1479 2470 1727 2555 constantius
1754 2470 1919 2595 Qabdsi

496 2582 696 2679 ¹mundus
721 2586 920 2669 universus
944 2613 1027 2667 non
1053 2586 1106 2667 est
1132 2583 1257 2689 deus,
1281 2612 1330 2667 ne
1358 2583 1467 2669 sselae
1485 2582 1673 2699 quidem,
1694 2585 1918 2698 quastuin-

451 2804 457 2811 ,
518 2692 773 2786 numerabiles
797 2696 1039 2801 indeornm
1064 2726 1232 2782 numero
1257 2697 1504 2811 reponebas:
1540 2728 1707 2812 quarum
1731 2702 1915 2795 recensus

467 2881 473 2897 .
517 2813 722 2924 aequabiles
758 2814 966 2927 aetemique
992 2811 1256 2899 delebiabanr:
1290 2810 1371 2896 'nec
1407 2812 1627 2897 mehercule
1647 2812 1805 2925 injuriis:
1832 2818 1916 2900 lunt

517 2928 621 3013 enim
639 2926 880 3029 admirabili,
901 2926 1193 3040 incredibilique
1209 2926 1440 3013 constantii.
1468 2927 1546 3012 Sed
1563 2956 1648 3013 non
1663 2932 1820 3034 onnia,
1831 2928 1915 3017 ilal-

514 3036 587 3141 be3
606 3072 694 3157 quae
711 3043 845 3125 cursus
868 3064 997 3126 certos
1021 3042 1062 3125 ar
1087 3042 1308 3129 constantes
1331 3036 1496 3149 habent,
1520 3042 1662 3131 eaden
1682 3048 1824 3159 potiris
1850 3047 1915 3129 tri-

438 3175 441 3182 ’
514 3151 781 3355 διιεῃάἒῖυηῑ
794 3219 809 3352 ,Ι
840 3160 958 3353 (irum
980 3182 1137 3245 natura,
1306 3178 1352 3356 'd
1432 3270 1480 3356 de
1579 3211 1582 3221 ,

437 3292 494 3309 ···
613 3273 656 3356 ui
710 3273 799 3357 Cha
811 3277 845 3354 ci
877 3274 942 3355 ico
960 3274 1050 3359 Euri
1082 3272 1167 3358 oin
1179 3276 1322 3362 motui
1353 3274 1430 3357 enti
1481 3274 1610 3357 mreei
1640 3274 1822 3359 iocando
1865 3302 1913 3357 u-

444 3342 493 3430 m
513 3278 676 3471 rodheri
696 3388 814 3520 polle
834 3302 1096 3480 constantini?
1124 3388 1223 3507 quid
1247 3390 1348 3473 freto
1379 3386 1559 3475 Siciliensi
1575 3302 1727 3501 ,lpquid
1764 3304 1912 3474 (ieiuni

514 3500 670 3586 ‚fervore
693 3498 761 3583 rllis
784 3499 825 3584 iu
848 3500 968 3605 locis,
1596 3529 1599 3537 ·

683 3613 873 3727 Euavpam
897 3613 1132 3731 Libyquue
1149 3612 1273 3733 rapax
1295 3617 1363 3699 ubi
1385 3616 1526 3700 dividit
1545 3616 1677 3710 unda?

511 3727 652 3847 Quid?
676 3730 787 3817 allus
804 3731 1011 3837 maritimi,
1037 3732 1098 3816 vel
1112 3733 1401 3846 Hilpanienl'es,
1421 3733 1480 3817 vel
1502 3730 1908 3837 Britannici,.eorr'rm-

513 3868 594 3953 que
615 3848 727 3929 certis
752 3840 996 3959 ¹temporibus
1025 3846 1087 3931 vel
1115 3852 1308 3953 aeceffus,
1334 3847 1393 3931 vel
1413 3852 1605 3950 recelius,
1630 3848 1707 3929 sine
1733 3844 1814 3929 deo
1827 3844 1908 3929 fieri

505 3965 646 4073 *nonne
660 3963 848 4072 poliunt?
874 3958 999 4070 Vide,
1017 3962 1170 4075 qualo,
1190 3964 1219 4049 sr
1240 3962 1369 4051 omnis
1382 3988 1519 4049 morus
1530 4024 1543 4065 ‚
1563 3964 1807 4073 omniique,
1823 3989 1909 4077 qua

504 4077 622 4160 eerris
639 4077 883 4187 temporibus
905 4074 1089 4163 ordinem
1111 4076 1223 4166 suum
1244 4078 1474 4166 conservant
1495 4142 1509 4185 ,
1544 4076 1675 4167 divina
1698 4076 1909 4179 ducimus,

398 4194 410 4299 J
504 4216 563 4305 jne
581 4188 760 4278 tertianas
778 4195 813 4242 ¹⁷
827 4189 992 4311 quidem
1017 4190 1171 4303 febres,
1189 4194 1231 4281 8(
1256 4216 1486 4315 quartanas,
1503 4190 1656 4279 divinas
1680 4194 1757 4279 elle
1772 4192 1909 4390 d‘iieen-
1973 4284 1977 4295 ,

1823 4335 1894 4393 um

543 4524 589 4574 17.
612 4510 653 4565 hb
680 4514 804 4571 tertianas
826 4508 943 4589 quidem
958 4511 1047 4590 febres
1072 4520 1084 4585 ]
1117 4512 1178 4573 Nili
1223 4499 1281 4574 loci
1295 4510 1406 4583 sensus,
1424 4532 1457 4576 ut
1475 4512 1522 4575 rel
1541 4514 1614 4575 hanc
1637 4513 1685 4575 rel
1705 4510 1787 4575 illam
1806 4532 1908 4574 eruen-

395 4618 400 4626 ’
499 4584 608 4679 placeat
624 4586 677 4652 illa
698 4591 833 4653 lambini
851 4595 1010 4670 conjeeiura
1022 4634 1031 4665 ‚
1052 4613 1106 4672 pro
1125 4616 1180 4673 qua
1224 4592 1370 4657 dationem
1389 4594 1566 4675 recipiamus.
1608 4598 1767 4673 Dnvrsrqs.
1794 4593 1907 4657 Frullri

497 4680 664 4745 reponsum
688 4679 812 4740 tertianas
837 4695 949 4753 quoque
976 4677 1064 4757 libres
1083 4698 1093 4741 ‚·
1115 4676 1195 4757 lege.
1224 4673 1364 4755 trepidant
1384 4676 1491 4747 critici,
1511 4678 1541 4739 δι
1561 4676 1671 4739 sermm
1680 4676 1842 4757 ignimqne
1859 4676 1905 4735 ad-

496 4768 532 4806 m
550 4750 760 4815 munirem
771 4757 972 4837 febres,quod
988 4755 1076 4820 etiarn
1089 4759 1132 4818 M.
1144 4762 1193 4817 ΑΛ
1224 4758 1338 4829 hibent,
1362 4758 1411 4820 ubi
1446 4758 1519 4819 nihil
1550 4758 1591 4831 est
1620 4759 1798 4825 morbidum.
1826 4754 1905 4831 Quid

495 4826 615 4899 Murato
638 4832 714 4899 venir
735 4834 767 4899 iu
790 4854 928 4920 mentem,
969 4838 1056 4915 ¹(tend
1077 4837 1192 4923 flagitat·
1223 4841 1313 4917 §ona
1328 4839 1397 4905 dicit
1417 4838 1427 4905 ἒ
1450 4846 1581 4903 Siemnr'a
1599 4862 1658 4925 qua
1682 4846 1760 4905 aenis
1788 4839 1906 4981 mg
