4259 5592
432 484 1277 581 *.ttnnnrn1nus
1541 522 1624 604 sn

223 672 333 761 enim
347 672 542 787 optimam
557 674 596 763 br
620 676 953 789 praliantillimam
976 668 1151 763 naturam
1175 673 1242 761 dei
1264 672 1361 763 dicit
1385 679 1486 778 else,
1502 662 1620 791 degat

226 786 332 875 idern
357 788 433 876 erre
460 795 502 876 in
517 789 597 877 deo
616 789 805 905 gratiam3
824 788 921 877 tollit
940 790 1005 896 id,
1017 792 1132 908 quod
1148 789 1318 878 maxine
1339 794 1545 907 proprium
1564 790 1625 899 ell-

197 908 386 1015 „optirnae
412 902 796 1023 praeliantiffimbque
818 927 973 993 nature.
1021 905 1134 1011 Quid
1157 908 1264 991 enim
1289 909 1342 990 est
1363 905 1528 1008 melius,
1552 926 1624 989 aut-

225 1017 324 1144 qnid
337 1020 573 1131 prestantius
587 1016 1125 1109 boniuteubenefioentitr
1145 1028 1238 1151 Qu
1252 1024 1347 1107 cum
1360 1048 1486 1105 carere
1498 1019 1620 1103 deum

226 1132 365 1238 vorm,
378 1136 573 1218 neminem
586 1132 670 1220 deo
693 1162 766 1220 nec
787 1136 935 1239 deum,
954 1162 1027 1220 nec
1047 1138 1250 1222 honinem
1265 1164 1414 1239 carum,
1426 1140 1621 1219 tremissem

224 1242 275 1329 ab
302 1273 354 1333 eo
372 1250 514 1353 amari,
538 1251 734 1335 neminem
759 1246 868 1367 diligi
895 1250 1020 1337 vultis.
1051 1254 1105 1337 lta
1125 1251 1195 1354 fr,
1218 1272 1262 1335 ur
1280 1279 1366 1335 non
1388 1248 1517 1337 modb
1542 1250 1622 1335 bo-

226 1364 351 1448 mines
376 1362 517 1468 bellis,
541 1362 606 1469 sed
628 1364 783 1480 ipsi-dii
807 1372 905 1453 inter
929 1366 966 1451 se
985 1364 1036 1449 ab
1053 1364 1137 1451 aliis
1156 1362 1218 1450 alii
1239 1362 1491 1479 negligantur.
1558 1450 1565 1463 ,

229 1542 233 1551 -
283 1482 447 1595 Qanto
472 1482 594 1565 Stoici
618 1478 781 1586 melitis,
807 1480 878 1597 qui
897 1486 934 1567 <a
959 1476 1075 1567 vobis
1110 1478 1482 1595 reprehenduntur?
1510 1482 1622 1565 Cen-
1632 1502 1694 1625 ᾗ

223 1588 304 1703 stnt
327 1614 457 1678 autem
473 1654 488 1696 ‚
505 1592 691 1707 sapientes
712 1594 943 1709 sapientibus
958 1599 1071 1681 etiarn
1095 1593 1243 1709 ignotis
1262 1594 1339 1679 elle
1355 1598 1516 1681 amicos
1534 1597 1621 1679 Ni-

223 1704 276 1791 bil
301 1706 355 1790 cll
376 1708 482 1791 enim
507 1714 647 1795 virtute
665 1709 892 1798 amabilius:
914 1738 1032 1823 quam
1050 1708 1122 1822 qui
1139 1709 1306 1823 adeptus
1324 1714 1417 1814 erit,
1434 1703 1621 1793 ubicum-

222 1847 303 1935 que
328 1824 398 1905 erit
423 1826 626 1936 gentium,
647 1830 671 1911 it
692 1822 808 1913 nobis
832 1823 1022 1939 diligetur.
1052 1828 1288 1911 vosautem
1315 1824 1415 1939 quid
1427 1822 1528 1909 mali
1547 1822 1622 1914 da·

224 1939 299 2039 tis,
322 1930 415 2019 clim
436 1942 477 2023 in
504 1934 760 2031 imbecillitate
783 1938 1105 2057 gratificationem
1134 1941 1174 2027 &
1202 1937 1512 2028 benevolentiam
1542 1969 1621 2053 po-

225 2048 339 2139 nitis?
360 2055 412 2137 Ut
436 2055 541 2137 enim
562 2058 741 2141 omittam
765 2060 847 2142 vitn
876 2058 915 2143 δι
937 2074 1114 2140 naturam
1148 2053 1342 2142 deorum:
1366 2081 1417 2137 nc
1441 2056 1623 2139 homines

227 2162 391 2279 quidem
410 2163 590 2274 censetis,
617 2170 685 2255 nist
707 2160 884 2257 imbecilli
906 2169 1046 2273 ellent',
1070 2167 1224 2254 litturos
1245 2164 1443 2257 beneficos
1459 2166 1622 2283 &beni-

228 2308 330 2395 gnos
354 2280 476 2367 fuisse.
503 2282 619 2371 Nulla
644 2284 697 2370 est
716 2290 851 2372 caritas
875 2281 1052 2371 naturalis
1077 2283 1177 2369 inter
1198 2280 1331 2370 bonos
1352 2287 1377 2367 2
1410 2288 1562 2371 Carum
1584 2286 1625 2383 i·¹

226 2393 345 2506 psum
353 2396 519 2481 verbum
542 2398 597 2483 eil
614 2406 761 2487 amoris
776 2434 787 2489 ε
802 2426 852 2485 ex
877 2429 962 2515 quo
985 2402 1328 2486 amieidaenomm
1347 2399 1403 2483 est
1425 2396 1621 2507 dudum:

256 2538 348 2595 uam
372 2511 400 2597 fi
428 2510 479 2596 ad
502 2511 670 2599 frubitrm
693 2517 869 2603 nostrum
892 2514 1129 2617 referemus,
1151 2542 1236 2601 non
1257 2512 1309 2599 ad
1327 2511 1424 2598 illius
1437 2541 1624 2599 commo-

225 2539 279 2710 da
290 2688 304 2729 ‚
325 2653 444 2740 quem
471 2625 693 2741 diligimus;
715 2660 800 2719 non
822 2632 893 2719 erit
910 2628 979 2715 ista
994 2628 1185 2734 anicios,
1202 2627 1266 2713 sed
1287 2649 1500 2713 mercatura
1513 2656 1623 2741 qure-

226 2739 319 2825 dam
342 2739 548 2825 utilitatum
565 2741 734 2831 suarum.
763 2751 898 2849 Prata,
924 2745 964 2829 lit
984 2770 1099 2846 arva,
1126 2743 1388 2856 &pecudum
1403 2769 1539 2858 greges
1559 2740 1623 2827 di-

226 2855 398 2969 liguntur
417 2854 492 2939 isto
515 2857 666 2964 modo,
687 2858 801 2974 qubd
820 2857 969 2945 frublus
993 2882 1043 2941 ex
1062 2858 1117 2945 eis
1135 2862 1355 2969 capiuntur.
1397 2861 1623 2943 Hominum

225 2973 361 3056 caritas
386 2970 612 3058 &amicitia
634 2978 798 3089 gratuita
819 2974 884 3058 ert
925 2976 1090 3093 Quanti>
1122 2971 1240 3087 igitur
1263 2974 1387 3087 magis
1416 2970 1624 3057 deorum?

228 3084 522 3322 illabili
536 3092 777 3291 birra&
801 3084 1624 3317 rr‘ttrrnatttnnts

355 3264 364 3285 .
736 3268 750 3309 ,
1130 3266 1144 3307 ,
1606 3270 1617 3290 .

226 3318 315 3401 Cur
330 3313 437 3403 fictis
463 3319 697 3427 pontifices,
717 3236 977 3431 cudauspicfis
991 3344 1158 3431 augures
1169 3317 1362 3430 ptaesunti
1379 3314 1493 3423 Quid
1506 3318 1623 3429 opta-

227 3456 315 3513 mus
342 3436 366 3519 b
392 3430 466 3545 diis
480 3431 787 3531 immortalibus?
810 3430 923 3555 Qrid
942 3443 1163 3523 vovemus?

288 3549 338 3629 At
365 3541 481 3633 etiam
508 3543 602 3632 liber
627 3550 681 3635 est
704 3550 860 3664 Epicuri
884 3545 935 3631 de
962 3548 1170 3634 sarneiitates
1201 3542 1392 3634 Ludimur
1413 3544 1464 3631 ab
1489 3544 1623 3631 homi·

228 3686 280 3744 ne
305 3687 389 3747 non
409 3678 492 3864 pm
511 3662 639 3750 faceto
652 3664 807 3793 ,gulam
826 3662 876 3751 ad
908 3660 1100 3750 scribendi
1121 3663 1313 3749 licentiam
1339 3659 1475 3747 libero.
1519 3664 1620 3767 Qae

228 3777 334 3859 enim
354 3805 410 3893 po
428 3776 481 3861 est
498 3778 576 3862 effe
596 3776 787 3884 finimas,
807 3777 835 3863 st
858 3778 913 3865 dii
935 3780 1105 3865 humana
1133 3806 1217 3864 non
1244 3787 1403 3869 curant?
1433 3801 1519 3889 quae
1547 3800 1621 3857 au-

228 3908 309 3971 tem
330 3894 503 3977 stimans
528 3914 686 3999 natura,
709 3893 803 3980 nibil
822 3895 995 3980 curans?
1018 3897 1155 3979 Verius
1180 3896 1234 3979 est
1247 3892 1365 4006 igitur
1379 3883 1621 3976 nimirumil-

229 4003 298 4089 lud
312 4002 462 4121 ,quod
486 4005 673 4093 familiaris
701 4012 882 4095 omnium
912 4006 1089 4095 nollriim
1111 4006 1343 4095 Posidonius
1374 4003 1548 4091 dilsetuit
1580 4005 1622 4088 in

228 4116 329 4205 libro
346 4120 487 4234 quinto
508 4120 560 4205 de
575 4126 724 4209 Natura
743 4122 936 4227 deorum,
957 4121 1084 4209 nullos
1103 4122 1179 4208 ell'e
1193 4122 1293 4209 deos
1314 4124 1487 4235 Epicuro
1509 4116 1623 4203 vide-

230 4234 286 4322 ti:
311 4231 480 4351 quicque
503 4237 534 4320 is
557 4234 608 4321 de
632 4236 706 4324 diis
730 4237 1010 4441 immortalizbus
1029 4236 1195 4342 dixerit,
1213 4235 1370 4323 invidiae
1392 4231 1623 4372 detestandff
1684 4313 1687 4320 .

980 4386 1004 4439 z
1031 4383 1056 4439 z
1115 4382 1138 4437 2
1501 4371 1626 4464 granc·

230 4538 335 4605 iterius.
366 4540 419 4602 llle
440 4540 644 4620 philolbphus‚
671 4534 912 4630 (Democritus)
948 4541 1091 4617 digniora]
1120 4534 1301 4598 Democritus
1323 4554 1382 4599 erat
1400 4532 1548 4597 Abderites
1568 4556 1579 4605 3
1599 4533 1623 4595 is

230 4623 309 4686 baud
325 4619 400 4683 secus
425 4642 457 4683 ac
475 4623 630 4702 Epicurus,
648 4624 781 4683 rotundas
801 4621 834 4682 &
864 4639 917 4681 mr-
948 4638 1044 4681 autem
1063 4616 1187 4697 populus
1208 4618 1248 4679 ob
1276 4615 1385 4699 ingenii
1405 4616 1555 4711 stuporem
1570 4614 1625 4679 brit

230 4724 312 4769 cuns
335 4704 503 4783 particulas,
517 4703 619 4765 mentis
638 4700 689 4763 else
714 4700 850 4781 principia
867 4700 917 4761 lla-
948 4698 1071 4782 inlignis.
1089 4700 1205 4761 Notum
1220 4696 1261 4761 est
1277 4698 1353 4763 illud
1370 4698 1509 4764 Martialis
1527 4697 1625 4781 Epigr.

232 4788 337 4850 tuebar.
357 4786 431 4851 Vide
451 4785 620 4849 Lucretium
638 4782 914 4861 lib.111.1r7.243.
947 4780 998 4845 lib.
1016 4786 1054 4842 X.
1073 4797 1121 4853 ²5·

226 4870 394 4945 ,Danaus
1046 4860 1425 5009 Abdnitmaepellcriplebis
1442 4861 1528 4923 rates.

1235 4962 1296 5009 affl·

223 4998 228 5011 .
269 4970 327 5023 cp.
348 4944 438 5013 ratrrt
464 4950 631 5020 Democriti,
654 4942 736 5031 quim
764 4946 913 5009 Dernorriro
947 4940 1023 5013 vide
1034 4941 1206 5011 rumaren
1355 4950 1405 5021 48.
1424 4944 1514 5005 usn
