4259 5592
533 514 669 604 ψ,
811 472 1672 603 rusoaruauarcuar,

530 684 606 755 nos
630 666 801 757 studiose
823 693 986 781 operam
1010 666 1219 773 dedimus,
1239 679 1286 751 ut
1305 664 1380 775 jam
1402 662 1518 749 etiam
1536 657 1688 746 'scholas
1706 656 1742 699 ¹⁰
1764 664 1926 752 Grecos
1979 663 1983 669 ’
2083 727 2086 740 .

531 812 621 869 rum
640 812 752 877 ‚more
771 783 914 870 habere
928 780 1195 871 auderemus:
1224 805 1268 868 ut
1287 808 1415 896 nuper
1426 801 1542 866 tuum
1565 775 1655 891 poll
1668 772 1923 864 discessumin

532 896 782 1003 Tusculano,
802 901 898 984 curn
922 901 1041 986 essent
1068 900 1195 1015 plures
1214 924 1372 985 mecum
1393 892 1615 997 familiares,
1641 898 1812 1000 tentavi,
1830 892 1927 1009 quid

534 1018 574 1101 in
588 1039 638 1096 eo
659 1038 800 1127 genere
825 1014 989 1126 possem.
1019 1020 1071 1102 Ut
1092 1019 1199 1103 enirn
1211 1036 1323 1099 antea
1338 1008 1634 1099 declamitabam
1647 1006 1927 1123 cauus‚qu0d

533 1155 654 1213 nemo
674 1156 737 1219 me
759 1125 905 1218 diutiss
932 1128 1042 1219 feeit:
1067 1131 1119 1217 sac
1145 1133 1228 1216 hac
1254 1158 1360 1217 nunc
1389 1126 1489 1212 mihi
1513 1122 1634 1210 senilis
1655 1122 1711 1209 est
1736 1122 1927 1222 deciana-

533 1246 604 1329 tlo.
633 1249 785 1331 Ponere
806 1236 1014 1357 jub‘ebam,
1044 1245 1208 1361 dequo
1232 1245 1321 1360 quis
1341 1242 1477 1331 audire
1499 1238 1631 1329 vellet:
1655 1238 1696 1325 bt
1717 1238 1762 1325 id
1782 1260 1851 1325 aut
1869 1237 1926 1324 se·

534 1356 660 1471 dens,
686 1385 753 1451 aut
770 1359 970 1449 'ambulans
994 1362 1248 1477 disputabam.

595 1478 729 1588 ltaque
751 1475 903 1563 dierum
923 1479 1102 1595 quinque
1126 1478 1302 1585 scholas,
1325 1500 1371 1565 ut
1400 1476 1527 1565 Graeci
1548 1470 1766 1588 appelant,
1790 1470 1833 1556 in
1860 1492 1926 1557 to·

537 1588 659 1677 tidem
679 1589 798 1678 libros
817 1596 976 1681 contuli.
1005 1592 1136 1681 siebat
1158 1619 1288 1683 autem
1312 1598 1389 1698 ita,
1413 1615 1478 1700 ut,
1506 1594 1599 1677 ciant
1624 1590 1682 1692 is,
1707 1592 1775 1704 qui
1792 1584 1927 1671 audire

536 1702 672 1813 vellet,
699 1705 851 1795 dixisset
865 1708 997 1826 ,quid
1019 1710 1089 1797 srbi
1107 1709 1327 1815 videretur,
1357 1732 1444 1796 tum
1469 1735 1548 1823 ego
1577 1706 1714 1791 contri
1747 1701 1925 1787 dicerem

535 1824 634 1907 Haec
653 1823 709 1917 ell
727 1828 833 1913 enirn
845 1888 858 1930 ,
885 1849 930 1911 ut
955 1826 1045 1932 scis,
1063 1847 1175 1913 vetus
1198 1827 1238 1911 8(
1265 1823 1463 1913 Socratica
1487 1825 1586 1907 ratio
1608 1826 1746 1907 contra
1779 1817 1926 1903 alterius

533 1934 773 2047 ,opinionem
799 1939 1015 2027 disserendi.
1053 1946 1159 2028 Nam
1190 1940 1243 2026 ita
1263 1940 1466 2044 facillime,
1497 1934 1596 2052 quid
1616 1932 1924 2022 verisimillimum

538 2049 655 2157 esset,
682 2057 845 2142 inveniri
861 2058 972 2172 posse
991 2062 1168 2143 Socrates
1188 2054 1451 2142 arbitrabatur.
1479 2050 1555 2137 Sed
1572 2053 1656 2165 qub
1675 2042 1923 2135 commodiirs

538 2162 816 2276 disputationes
840 2172 976 2259 nostra
993 2170 1254 2285 explicentur,
1282 2171 1335 2259 src
1355 2196 1419 2255 eas
1449 2194 1676 2281 exponam,
1698 2164 1806 2277 quast
1837 2189 1926 2276 aga·

539 2301 605 2365 tur
623 2308 709 2389 res,
732 2315 816 2372 non
840 2287 948 2401 quasr
976 2309 1159 2373 narretur.
1182 2290 1290 2399 Ergo
1316 2288 1369 2371 ita
1393 2282 1564 2369 nascetur
1583 2277 1802 2368 exordium.

429 2428 435 2443 ·
466 2424 523 2445 ·-
596 2399 825 2486 Aunrror.
854 2400 1004 2488 Malum
1026 2403 1122 2485 mihi
1153 2400 1411 2488 videturesse
1431 2426 1549 2484 mors.
1578 2402 1789 2484 Marcus
1820 2391 1925 2499 lisiae,

487 2483 507 2559 5
539 2506 780 2633 qui-mortui
814 2514 926 2625 sunt,
950 2544 1000 2600 au
1027 2514 1105 2631 iis,
1127 2511 1271 2629 quibus
1301 2511 1553 2626 moriendum
1586 2510 1669 2600 elli
1700 2518 1927 2601 Auorror.

539 2620 729 2738 Utrisque.
759 2634 967 2717 Marcus.
1007 2628 1070 2715 Est
1084 2630 1262 2715 miserum
1275 2628 1418 2744 igitur,
1443 2632 1632 2744 quoniam
1658 2627 1815 2712 malum.
1843 2629 1928 2709 Ab·

541 2766 694 2828 orror.
737 2744 866 2833 Certi.
896 2750 1105 2832 Marcus.
1146 2746 1314 2858 Ergo&
1349 2749 1402 2849 ii,
1427 2740 1571 2857 quibus
1595 2741 1725 2829 evenit
1745 2740 1850 2855 jam,
1885 2758 1929 2824 ut

541 2880 812 2963 morerentur,
834 2858 874 2944 δι
899 2862 955 2966 ii,
982 2854 1125 2974 quibus
1149 2883 1380 2947 eventurum
1412 2864 1489 2963 est,
1523 2855 1658 2943 miseri.
1698 2864 1927 2945 Aoorrott

542 2968 642 3065 Mihi
667 2972 720 3059 ita
747 2971 909 3061 videtur.
940 2981 1147 3062 Marcus.
1174 2979 1308 3063 Nemo
1333 3004 1429 3089 ergo
1443 3004 1527 3061 non
1541 2972 1674 3063 miser?
1702 2978 1929 3061 Aunrror.

543 3083 699 3174 Prorsus
711 3114 841 3173 nemo.
870 3094 1079 3175 Marcus.
1107 3094 1155 3176 Et
1165 3091 1353 3206 quidem,
1366 3092 1394 3175 fi
1407 3087 1478 3176 tibi
1494 3094 1667 3176 constare
1685 3087 1930 3193 vis,omnes3

543 3204 787 3315 quicumque
805 3206 883 3289 nati
910 3203 1021 3308 sunt,
1049 3209 1239 3314 err'antve,
1262 3236 1346 3292 non
1380 3205 1505 3292 solum
1532 3204 1679 3313 miseri,
1718 3203 1783 3289 sed
1817 3199 1931 3287 etiarn

543 3312 691 3431 semper
712 3316 843 3405 miseri.
871 3322 977 3407 Nam
1001 3321 1028 3405 sr
1053 3319 1155 3409 solos
1179 3348 1250 3408 eos
1271 3320 1419 3407 diceres
1454 3320 1637 3425 miseros,
1666 3319 1814 3437 quibus
1840 3346 1933 3401 mo·

543 3430 724 3518 tiendum
750 3434 863 3538 esset,
888 3438 1085 3519 neminem
1106 3462 1151 3523 tu
1173 3434 1337 3551 quidem
1352 3464 1521 3541 eorum,
1542 3436 1614 3550 qui
1639 3441 1834 3537 viverent,
1864 3460 1934 3515 ex-

544 3550 711 3675 ciperes:
734 3547 984 3635 moriendum
1006 3552 1061 3635 est
1083 3556 1187 3637 enim
1215 3551 1421 3641 omnibus:
1447 3554 1541 3641 esset
1559 3555 1691 3638 tamen
1711 3547 1865 3638 miseria
1886 3549 1936 3630 fi-

543 3666 606 3765 nis
626 3690 668 3745 tn
690 3684 828 3750 morte.
856 3670 1061 3784 Qtoniatn
1081 3690 1211 3754 autem
1228 3668 1345 3756 etiarn
1370 3671 1518 3757 mortui
1538 3667 1663 3755 miseri
1682 3667 1791 3766 sunt,
1807 3666 1848 3749 in
1860 3666 1938 3747 mi·

543 3777 677 3865 seriam
709 3778 897 3893 nascimur
917 3780 1197 3896 sempiternam.
1239 3786 1402 3872 Necesse
1421 3785 1475 3869 esi
1505 3787 1635 3887 enim,
1670 3781 1828 3867 miseros
1858 3778 1936 3863 ess‘e

545 3918 644 4000 eos,
664 3898 733 4009 qui
756 3918 914 3982 centurn
935 3896 1101 3983 millibus
1128 3926 1323 3987 arrnotum
1343 3900 1433 3987 ante
1450 3899 1679 3988 occiderunt
1690 3962 1704 4003 ,
1723 3894 1784 3981 vel
1798 3895 1938 4008 potius

546 4010 967 4126 omnes,quicumque
992 4016 1072 4098 nati
1090 4009 1187 4100 sunt.
1223 4020 1452 4102 Auorroa
1488 4019 1542 4100 lta
1565 4013 1719 4128 prorsus
1744 4006 1939 4096 existimo.

603 4132 812 4215 Marcus.
840 4131 941 4233 Dic,
961 4128 1117 4243 quesn,
1141 4158 1237 4215 num
1262 4155 1301 4221 te
1322 4129 1381 4215 illa
1404 4154 1543 4215 terrent
1555 4192 1569 4233 ,
1591 4128 1733 4243 triceps
1751 4122 1940 4323 aputgein-

1874 4266 1942 4324 ros

588 4428 634 4467 ro.
656 4408 779 4479 Scholas]
799 4406 1007 4489 Disputationes
1026 4432 1036 4481 3
1063 4428 1121 4485 quo
1145 4409 1221 4471 sensu
1255 4410 1416 4471 ornabunt?
1432 4411 1479 4470 Sic
1490 4404 1540 4474 al·
1565 4404 1698 4485 amplisu
1713 4396 1865 4466 monilis
1878 4398 1940 4482 nugi

539 4492 730 4570 pomeridianas
719 4490 853 4631 „fflas
872 4490 942 4551 dirrit
960 4488 1151 4567 Quintilianus
1168 4494 1221 4553 Ill.
1256 4480 1389 4553 seinaim
1409 4512 1551 4553 memorat
1568 4492 1731 4553 Plutarchus
1747 4491 1835 4549 Toni
1849 4489 1888 4546 11.
1907 4506 1940 4563 p.

549 4588 575 4627 r.
593 4570 717 4632 Nosteri
786 4574 838 4633 111.
850 4594 897 4653 34.
908 4577 1048 4655 Separatim
1059 4594 1131 4634 rma
1142 4572 1220 4636 scho
1255 4597 1303 4653 3⁷·
1322 4574 1398 4639 Vide
1421 4572 1453 4633 fis
1471 4574 1503 4636 δι
1526 4573 1680 4635 Arrianum
1705 4570 1796 4649 Epiel.
1814 4568 1866 4631 lib.
1892 4587 1941 4627 rt.

545 4648 579 4707 lae
588 4649 654 4727 sunt
677 4654 708 4710 de
723 4652 821 4713 exilio...
849 4660 911 4714 Haec
939 4658 1023 4714 Graeci
1051 4660 1080 4716 in
1100 4656 1221 4737 singulas
1253 4677 1312 4735 cap.
1327 4678 1356 4727 9.
1376 4677 1404 4734 p.
1422 4678 1489 4730 424·
1508 4656 1549 4727 &l
1558 4653 1722 4735 Diogenem
1738 4650 1888 4712 Lafflium
1907 4668 1944 4730 Χ.

545 4728 654 4791 scholar
676 4728 712 4793 si*
726 4734 755 4789 in
765 4732 886 4809 fingulor
911 4736 988 4796 libros
1006 4738 1162 4821 dispertiant.
1183 4738 1221 4796 Et
1257 4752 1303 4797 26.
1314 4740 1422 4800 Divis·
1441 4738 1584 4799 Omilsum
1597 4736 1706 4807 nolim,
1720 4736 1798 4813 quod
1809 4731 1943 4793 animad-

546 4810 656 4873 deFin.
677 4812 714 4871 ΙΙ.
734 4832 758 4871 r.
795 4814 836 4869 Ne
853 4834 893 4871 mc
911 4832 1036 4894 tanquam
1049 4820 1222 4901 philisophum
1253 4818 1335 4878 verde
1351 4819 1381 4879 in
1401 4820 1525 4901 Anglica
1542 4818 1690 4897 scriptione
1708 4819 1833 4895 quadam
1841 4812 1944 4873 Phil&

539 4898 636 4976 puteris
658 4892 785 4954 scholam
802 4894 917 4973 aliquam
936 4898 1011 4954 vobis
1029 4902 1221 4980 rapliaturum.
1255 4900 1397 4961 leutherus
1416 4900 1594 4980 Lipsiensis„
1615 4901 1672 4959 hoe
1694 4896 1759 4969 est,
1779 4896 1943 4956 Rielrardus

544 4976 718 5056 Augustinus
729 4976 765 5036 C.
777 4976 812 5035 D.
823 4974 873 5035 lib.
886 4976 922 5034 II.
944 4995 968 5035 c.
981 4997 1009 5047 7.
1030 4983 1076 5038 An
1087 4979 1160 5061 sorte*
1178 5000 1224 5039 rto-
1256 4982 1415 5053 Bentlcius,
1436 4982 1486 5043 lras
1496 4982 1659 5061 quaestiones
1671 5000 1730 5041 non
1742 4977 1871 5058 eiusdem
1883 4976 1946 5037 else

420 5110 422 5115 .
541 5058 787 5143 iisplailosopiorum
803 5054 910 5120 scholas
931 5058 1156 5143 disputationesque
1172 5082 1226 5140 me:
1254 5063 1374 5145 generis,
1384 5067 1462 5145 cuius
1475 5064 1531 5127 illac
1541 5062 1680 5143 sunnqtn
1698 5061 1746 5125 rel
1760 5058 1944 5142 praeestoe»
