4259 5592
579 495 662 587 ,4⁶
820 588 823 595 ,
906 502 911 511 ¹
1001 404 1562 567 unrtntnos

573 598 774 764 faciem-si·
789 596 1045 774 perspexerit,
1073 687 1202 753 renim
1224 662 1322 755 inter
1343 678 1408 753 eas·
1434 657 1698 755 verborumne
1725 655 1771 745 stt
1794 605 1961 747 mutto·

574 778 703 866 versia.
1245 830 1484 867 .,·
1592 847 1597 856 .
1702 848 1851 861 ,..

505 906 563 925 “·“·
597 986 601 991 ,
630 891 756 1003 Hujm
774 916 859 1003 ,ego
879 918 986 976 nunc
1010 894 1277 1009 audoritatem
1300 891 1461 1007 sequens
1487 891 1594 981 idem
1618 888 1768 979 latiam
1816 896 1969 1088 Ὕη-

512 989 556 1071 ¹3
574 1011 661 1091 nim
676 1001 789 1089 enim
812 1026 980 1113 potero,
1012 1013 1186 1094 mutuam
1211 1007 1508 1096 contentiones:
1538 1007 1750 1119 omnesque
1773 1004 1870 1118 simp
1885 1008 1960 1089 'oea
2093 1003 2098 1012 '

573 1117 771 1206 sententias
797 1146 968 1226 eorum,
991 1124 1034 1207 in
1060 1120 1203 1235 quibus
1229 1120 1329 1207 nulla
1353 1124 1449 1207 inest
1480 1121 1630 1209 virtutis
1655 1117 1876 1234 adjunffio,
1911 1146 1958 1205 o-

573 1237 712 1322 mnino
725 1230 1004 1349 tlphilosophia
1023 1234 1281 1324 semovendas
1292 1234 1455 1347 putabo.
1484 1233 1657 1324 Primlrm
1669 1234 1852 1347 Aristippi
1872 1238 1959 1344 Cy-

575 1353 903 1462 renaicortmque
927 1354 1134 1451 omnium;
1157 1382 1265 1465 quos
1285 1354 1446 1437 nonest
1480 1355 1673 1455 vetitum,
1699 1353 1743 1435 in
1763 1375 1810 1431 ea
1843 1344 1960 1432 volu·

575 1486 707 1577 ptate,
732 1484 818 1577 qua
837 1464 1003 1555 maxima
1022 1465 1230 1553 dulcedine
1254 1467 1402 1553 sensum
1433 1489 1636 1571 moveret,
1661 1462 1854 1549 summum
1884 1457 1968 1547 bom

576 1580 674 1668 nuni
696 1605 871 1690 ponere,
894 1604 1186 1670 contemnentes
1204 1581 1312 1667 illam
1339 1586 1570 1667 vacuitatem
1596 1578 1755 1666 doloris
1794 1579 1851 1659 Hi
1875 1604 1959 1661 non

576 1693 777 1795 uiderunt,
798 1715 847 1779 ut
867 1693 917 1780 ad
943 1698 1098 1781 cursum
1118 1724 1268 1811 equum
1281 1759 1294 1800 ‚
1307 1694 1359 1781 ad
1380 1695 1568 1781 arandum
1581 1691 1754 1795 bovem,
1774 1687 1824 1777 ad
1846 1687 1970 1773 inda-.

577 1806 752 1921 gaudum
776 1812 1022 1912 canemnc.
1036 1809 1314 1897 hominemad
1337 1809 1434 1896 duas
1453 1837 1539 1913 res,
1564 1832 1608 1895 ut
1630 1808 1684 1893 ait
1716 1801 1969 1906 Aristoteles„

577 1919 930 2035 intelligendum&
957 1954 978 2009 a
1008 1923 1155 2009 endum
1185 1927 1260 2010 effe
1281 1948 1439 2028 natum,
1463 1924 1569 2037 quast
1588 1921 1789 2009 mortalem
1817 1916 1961 2004 deum:

579 2042 822 2150 contrltque,
843 2058 887 2121 ut
906 1956 1062 2123 taniam
1081 2039 1311 2152 aliquam&
1338 2038 1558 2154 languidam
1579 2035 1796 2150 pecudem,
1821 2030 1876 2116 ad
1890 2061 1965 2143 pa·
2109 2041 2110 2054 '

578 2152 681 2235 stum
704 2152 743 2236 lit
765 2149 1070 2264 a‘d'proct'eandi
1084 2153 1354 2266 voluptatem,
1375 2157 1458 2239 hoc
1477 2146 1813 2237 divinumanimal
1831 2170 1961 2233 ortum

578 2268 655 2352 effe
682 2263 902 2351 voluerunt.
933 2275 1030 2391 Qo
1052 2266 1145 2352 nihil
1175 2266 1272 2353 mihi
1299 2267 1452 2354 videtur
1474 2265 1687 2353 absurdius
1724 2269 1853 2375 Atque
1880 2261 1963 2345 hac
2109 2269 2110 2336 l

578 2399 713 2466 contra
737 2376 972 2491 Aristippum
986 2442 999 2485 ,
1013 2386 1089 2494 qui
1111 2380 1461 2494 eam-voluptatem
1487 2411 1571 2467 non
1597 2378 1724 2465 modo
1751 2376 1973 2477 summam,
2109 2492 2111 2495 y

579 2491 645 2576 sed
672 2489 788 2577 solam
814 2494 929 2578 etiam
949 2492 1086 2581 ducit:
1153 2525 1245 2581 uam
1274 2524 1412 2582 omnes
1440 2524 1559 2581 unam
1582 2493 1817 2608 appellamus
1843 2488 1971 2590 .volu··
2109 2502 2111 2595 Ῑ

580 2626 740 2719 ptatem.
781 2603 898 2691 Aliter
930 2630 1059 2693 autem
1086 2526 1201 2695 vdbis
1228 2609 1370 2723 placet
1401 2608 1479 2695 Sed
1504 2608 1565 2692 ille
1577 2671 1591 2712 ,
1610 2630 1654 2693 ut
1678 2606 1784 2707 dixi,
1812 2602 1973 2690 vitiose⁴¹

581 2726 669 2807 Nec
690 2717 794 2805 enirn
822 2720 946 2833 figura
968 2729 1174 2837 corporis,
1200 2750 1273 2811 nec
1293 2729 1391 2813 ratio
1426 2723 1613 2808 excellens
1627 2722 1787 2835 ingenii.
1805 2720 1973 2803 hunani-

505 2862 511 2875 ’
582 2832 800 3031 figlfficatb
815 2836 866 2921 ad
889 2837 990 2923 hanc
1006 2866 1132 2923 ¹unam
1158 2865 1238 2924 rem
1263 2863 1398 2926 natum
1429 2841 1666 2941 hominem,
1697 2858 1741 2919 ut
1777 2829 1976 2917 frueremn

584 2953 898 3036 voutatiuss
1028 3028 1030 3035 .
1232 2986 1236 2994 ·
1653 3036 1657 3045 ,
1974 2978 1979 2989 ·

641 2979 730 3147 Nic
751 3068 846 3148 verb
871 3061 1087 3151 audimdus
1118 3067 1410 3181 Hieronymus:
1430 3069 1496 3152 cui
1528 3068 1724 3152 summum
1739 3057 1974 3147 bonumest
2108 3103 2109 3106 ¹

583 3175 720 3280 idem,
743 3176 857 3288 quod
877 3206 950 3264 vos
974 3179 1203 3288 interdum,
1238 3182 1299 3271 vel
1334 3178 1467 3295 potilrs
1490 3185 1656 3265 nititiu'rn
1681 3179 1776 3290 sape
1809 3172 1939 3258 dicitis
1952 3230 1981 3272 ν
2108 3239 2109 3242 ¹

583 3289 686 3375 nihil·
700 3289 968 3381 doletanon
991 3298 1117 3399 enim,
1138 3298 1166 3379 fi
1187 3294 1330 3381 malum
1351 3294 1468 3383 dolor
1485 3296 1562 3399 eli,
1582 3318 1707 3380 catere
1728 3318 1779 3375 eo
1794 3284 1979 3375 tnalosa·⁵

584 3404 706 3491 tisest
730 3403 780 3489 ad
804 3402 902 3488 bene
924 3407 1150 3495 vivendum.
1178 3416 1272 3497 Hoc
1290 3409 1430 3495 dixerit
1457 3406 1591 3521 potiirs
1616 3405 1785 3510 Ennius,

598 3584 604 3593 .
756 3519 931 3605 Nimiam
956 3521 1039 3607 boni
1058 3524 1130 3637 est,
1147 3526 1208 3605 cui
1227 3526 1325 3607 nibil
1346 3524 1395 3638 ‘st
1414 3526 1520 3608 mali.

585 3637 673 3718 Nos
693 3628 844 3723 beatam
861 3637 980 3722 vitam
1003 3666 1087 3723 non
1109 3637 1335 3751 depulsione
1356 3638 1445 3724 mali
1457 3684 1473 3742 ,¹
1489 3637 1553 3723 sed
1568 3637 1778 3749 adeptione
1798 3629 1896 3716 boni
1907 3630 1978 3741 ju·
2108 3631 2110 3758 j

586 3745 787 3833 dicemus:
814 3775 886 3834 nec
914 3776 999 3833 eam
1021 3752 1231 3857 celiando,
1264 3753 1341 3836 sive
1364 3752 1628 3867 gaudentem,
1649 3774 1694 3836 ut
1725 3745 1979 3857 Aristippus,
2108 3763 2110 3798 ¹

585 3862 663 3945 sive
690 3860 775 3947 non
801 3860 1022 3969 dolentem,
1046 3872 1091 3948 tit
1115 3868 1203 3961 hi'c,·
1226 3864 1290 3950 sed
1321 3864 1481 3981 agendo
1506 3864 1683 3981 aliquid,
1718 3856 1984 3947 conlidetan-

586 3974 692 4059 ddve
716 4002 944 4088 quaeramus.

642 4096 742 4209 Qut
772 4090 930 4200 poliunt
953 4092 1090 4181 eadem
1114 4115 1249 4179 contra
1273 4094 1546 4179 Carneadeum
1557 4092 1655 4177 illud
1678 4092 1873 4175 sumnum
1893 4088 1988 4173 bo-

584 4230 682 4296 num
711 4202 810 4290 dici:
837 4204 951 4317 quod
977 4210 1007 4291 is
1033 4237 1116 4293 non
1139 4234 1243 4311 tam,
1265 4228 1310 4292 ut
1338 4211 1548 4321 probaret,
1571 4205 1756 4320 protulit,
1782 4206 1911 4318 quim
1937 4223 1990 4288 ut

585 4317 749 4420 Stoicis,
770 4319 1000 4433 quibuscum
1025 4320 1169 4405 bellum
1190 4320 1374 4435 gerebat,
1395 4345 1626 4438 opponeret
1655 4319 1699 4408 ld
1720 4343 1853 4404 autem
1873 4316 1991 4426 ejui-
2107 4365 2108 4368 κ

584 4430 702 4551 modi
718 4432 771 4515 est
783 4496 798 4536 ,
816 4454 859 4517 ut
885 4432 1061 4520 additum
1084 4435 1135 4521 ad
1159 4437 1365 4543 virtutem,
1395 4438 1664 4525 austeritatem
1696 4433 1873 4536 videatur
1898 4435 2006 4525 ha-,

584 4541 756 4633 bitutum
768 4586 780 4649 ,
796 4548 836 4632 ,ἃ
855 4548 1101 4660 expleturum
1132 4551 1326 4639 cumulati*¹
1348 4555 1469 4638 vitam
1505 4550 1700 4637 beatam-t
1736 4548 1901 4662 dequo
1930 4576 2003 4631 o-

587 4655 688 4738 mnis
704 4661 786 4743 haec
806 4664 966 4774 qu'aslio
985 4664 1048 4750 est.
1085 4673 1189 4754 Nam
1210 4671 1278 4782 qui
1302 4665 1352 4749 ad
1377 4674 1555 4769 virtutem
1568 4665 1783 4781 adiungunt
1809 4660 1870 4746 vel
1897 4678 2005 4747 vo-'

507 4814 508 4817 ¹
585 4769 796 4883 luptatem,
817 4802 938 4885 quam
955 4806 1083 4877 unam,
1096 4780 1215 4867 virtus
1239 4782 1389 4892 minimi
1410 4782 1524 4870 facit:
1557 4781 1620 4873 vel
1639 4776 1875 4975 vacuitatenlt
1889 4756 1995 4905 do-

1865 4920 2000 4997 ons,
