4259 5592
466 399 1105 508 ,·aucunuup
1173 495 1180 510 ,
1496 437 1549 521 η

161 621 277 710 cant,
298 629 425 717 pauca
447 592 655 688 dicemtu:
679 629 763 686 non
785 599 872 713 quii
894 627 980 684 non
1004 598 1103 686 latus
1126 593 1316 702 locusliu‘
1337 597 1401 688 sed
1429 600 1549 716 paulu

158 719 248 808 ante
271 716 480 827 jallasunt.
495 713 755 800 firndamenta
783 716 888 797 Nam
909 717 1004 798 crim
1028 719 1137 819 vim,
1156 716 1356 830 quaeliet
1376 716 1416 800 in
1437 717 1547 802 senst-

159 832 258 935 bus,
283 831 594 946 explieabmnus,
614 825 722 914 sunul
742 824 836 912 illud
855 826 1124 938 aperiebatur,
1150 830 1433 942 comprehendi
1443 831 1548 914 rnul-

161 969 197 1042 ta
222 947 263 1032 ὃ(
312 949 433 1056 etcipi
463 942 654 1058 sensibust
690 939 804 1054 quod
843 937 926 1026 fieri
954 941 1033 1026 srne
1055 943 1268 1028 artensrone
1291 972 1375 1027 non
1410 945 1546 1056 potest.

160 1059 263 1147 Dein
293 1066 432 1145 etum
461 1063 558 1144 inter
583 1059 798 1148 inanimum
822 1056 862 1139 &
895 1053 1035 1141 animal
1070 1060 1150 1142 hoc
1173 1062 1343 1145 maxime
1378 1060 1547 1162 intersit,

161 1171 274 1288 quud
304 1177 520 1259 inanimum
547 1171 639 1256 nihil
669 1168 769 1282 agit,
803 1169 942 1254 animal
980 1173 1059 1284 agit
1082 1169 1261 1282 aliquid3
1289 1172 1416 1276 (nihil
1442 1176 1548 1256 eninr

161 1313 275 1400 agens
299 1313 349 1370 ne
374 1290 537 1402 cogitari
552 1283 714 1399 quidem
737 1283 864 1395 potest
876 1282 988 1395 quale
998 1287 1041 1371 stt
1049 1285 1074 1391 ¹)
1091 1305 1158 1372 aut
1178 1292 1214 1371 ei
1236 1282 1358 1370 sensus
1369 1285 1547 1369 adimen„

163 1401 331 1488 dusest:
348 1417 417 1486 aut¹
434 1403 554 1504 44e'a,
581 1429 668 1513 quta
692 1398 746 1481 est
778 1395 820 1480 in
849 1394 978 1485 nostri
1006 1399 1196 1511 potestate
1229 1399 1319 1502 srta,
1345 1396 1546 1486 reddenda

163 1517 333 1602 ali'ensro.
360 1519 412 1600 At
435 1519 529 1601 veri>
549 1518 700 1599 animus
723 1507 900 1626 quodam
925 1511 1053 1599 modo
1067 1511 1228 1623 eripitur
1245 1515 1329 1617 his,
1353 1543 1458 1627 quos
1469 1541 1545 1598 ne·

163 1655 239 1743 que
262 1628 421 1732 lentie,
448 1654 578 1742 neque
597 1624 762 1713 artentin'
787 1621 936 1714 volunt
966 1631 1019 1712 Ut
1050 1631 1156 1710 eninr
1181 1629 1330 1714 necelle
1354 1627 1436 1730 est,
1459 1627 1544 1713 lan-

160 1769 245 1827 cem
260 1740 302 1826 in
321 1741 439 1846 libra,
460 1737 703 1853 ponderibus
724 1737 938 1854 impositis,
965 1738 1155 1852 deprimi3
1180 1742 1239 1830 src,
1263 1742 1437 1828 animum
1452 1768 1544 1853 per-

160 1856 296 1968 spicuis
316 1851 463 1939 cedere.
480 1861 619 1959 Nam,
639 1880 725 1969 quo
743 1850 871 1937 modo
890 1879 975 1938 non
993 1853 1121 1964 potest
1141 1857 1284 1942 animal
1312 1855 1432 1940 ullum
1457 1883 1543 1940 non

157 1991 338 2082 appetere
351 1968 419 2072 id,
439 1969 553 2082 quod
568 1963 912 2053 accommodatun
925 1964 976 2050 ad
990 1989 1165 2052 naturam
1181 1992 1382 2081 appareat:
1401 1968 1542 2074 (Gra-

159 2088 193 2167 ci
218 2083 262 2167 id
291 2081 404 2164 o’nrtor
432 2081 726 2196 appellant)s1c
748 2107 832 2164 non
847 2078 975 2191 potest
996 2076 1187 2192 objetiam
1201 2108 1282 2167 rem
1301 2081 1542 2194 perspicuam

158 2224 240 2281 non
266 2193 494 2306 approbare
1077 2232 1081 2238 ·
1289 2232 1293 2240 ·

213 2311 529 2429 Quanquam,sr
552 2308 636 2414 illa,
660 2303 878 2421 dequibus
902 2302 1137 2417 disputatum
1150 2310 1205 2393 ert
1218 2370 1232 2412 ,
1246 2338 1335 2398 vera
1359 2313 1465 2415 lirnt,
1480 2317 1543 2398 ni-

156 2419 207 2510 hil
234 2415 370 2510 attinet
393 2421 445 2508 de
470 2424 681 2510 all'ensrOne
704 2423 870 2545 omniun
891 2417 1013 2533 loqui.
1043 2419 1128 2550 Qi
1148 2426 1261 2511 enim,
1284 2425 1382 2536 quid
1413 2431 1542 2537 perci·

154 2536 235 2646 pit,
254 2535 450 2621 assentitur
462 2535 598 2621 statim.
626 2533 703 2620 Sed
725 2535 932 2618 haecetram
957 2533 1194 2648 sequuntur,
1214 2567 1291 2625 nec
1309 2543 1540 2625 memoriam

152 2649 232 2738 fine
250 2648 461 2737 assensione
478 2645 592 2762 polle
608 2649 780 2736 constare
786 2708 802 2764 ,
826 2673 899 2736 nec
917 2651 1242 2755 notitiarrerum,
1257 2664 1329 2741 n'ec
1343 2677 1440 2738 artes
1454 2687 1466 2741 ε
1479 2655 1539 2739 id·

152 2791 234 2872 que
256 2761 371 2877 quod
392 2768 606 2848 maximum
629 2763 704 2867 est,
723 2785 768 2847 ut
795 2759 838 2843 srt
855 2759 1001 2872 aliquid
1022 2763 1079 2846 in‘
1099 2766 1230 2852 nostra
1251 2767 1469 2883 potestate,
1497 2774 1538 2855 in

148 2901 237 2990 eon,
258 2881 329 2992 qui
347 2877 401 2962 rei
421 2877 513 2964 nulli
536 2877 773 2977 assentietur,
798 2902 882 2958 non
904 2873 986 2960 erit
1014 2873 1092 2963 Ubi
1115 2877 1234 2992 igitur
1261 2888 1401 2986 virtus,
1422 2884 1449 2967 sr
1474 2887 1537 2967 ni-

149 2987 204 3072 hil
233 2991 350 3074 fitum
371 2992 426 3076 est
451 2997 492 3076 in
516 2991 607 3104 iplrs
629 2985 772 3078 nobis?
792 2987 964 3074 lllaxlrne
982 3012 1112 3075 autern
1128 2990 1364 3098 absurdum,
1392 3000 1539 3083 vitiaiu

147 3104 329 3215 ipsorum
350 3106 425 3188 elle
450 3105 638 3219 potestate
650 3165 665 3208 ,
688 3115 817 3214 neque
839 3127 999 3213 peecare
1024 3114 1291 3222 quemquam,
1325 3109 1394 3194 nist
1413 3112 1538 3197 assen-

145 3217 287 3306 sione:
315 3221 397 3303 hoc
410 3216 518 3301 idem
542 3221 584 3302 in
603 3221 743 3327 virtute
765 3243 848 3299 non
870 3216 968 3320 elie,
989 3219 1097 3329 cujus
1121 3227 1250 3307 omnis
1274 3224 1537 3310 constantia&

146 3333 314 3418 firmitas
336 3359 387 3416 ex
411 3332 469 3420 his
492 3329 609 3416 rebus
627 3331 804 3432 constat,
830 3328 974 3441 quibus
997 3333 1138 3418 alienia
1159 3328 1240 3438 est,
1274 3336 1312 3421 &
1336 3365 1434 3451 quas
1463 3368 1537 3452 ap·

143 3443 357 3556 probavit:
376 3444 624 3556 ormrinr‘rque
648 3443 737 3530 ante
760 3440 883 3526 videri
907 3443 1078 3557 aliquid,
1107 3453 1227 3561 quim
1258 3479 1443 3563 agamus,
1465 3479 1536 3535 ne.

142 3561 252 3647 cesse
274 3559 348 3646 est:
369 3561 511 3671 eique,
538 3557 652 3671 quod
671 3554 794 3642 visum
812 3556 857 3641 srt
872 3619 885 3660 ‚
903 3559 1123 3650 attentatur
1149 3571 1180 3647 *.
1219 3569 1352 3763 φη
1374 3571 1445 3678 qui
1469 3589 1537 3652 aut

140 3674 302 3778 visum,
326 3693 394 3762 aut
412 3675 597 3761 allenium
620 3671 746 3775 tollit,
766 3675 799 3758 is
825 3697 984 3757 omnem
1009 3673 1203 3780 astionem
1223 3700 1267 3764 to
1281 3679 1321 3764 lit
1345 3682 1479 3765 evita.
1573 3732 1577 3740 ,

197 3797 330 3876 Nunc
350 3815 398 3874 ea
414 3785 643 3893 videamus,
663 3813 750 3901 qua
773 3791 908 3876 contri
930 3786 980 3871 ab
1002 3789 1062 3876 his
1086 3789 1267 3907 disputari
1289 3793 1418 3879 solent.
1458 3789 1535 3877 Sed
1551 3817 1609 3835 ···

703 3927 710 3956 ¹
891 3904 933 3985 D
979 3931 1002 3988 2
1427 3902 1535 4020 prius
1557 3887 1601 3963 ¹3

130 4146 279 4206 Budaeus
294 4145 321 4205 'm
337 4145 391 4209 suis
409 4143 618 4211 commentariis
633 4143 737 4228 lingua
750 4147 823 4206 Gra·
860 4127 966 4208 vrtrus.
981 4128 1004 4196 ,⁶

125 4245 175 4286 α·
208 4223 230 4284 ἐ
261 4225 345 4302 libris:
359 4227 506 4290 Cioeronis
521 4223 682 4306 collegerat
702 4229 780 4288 Bene
796 4245 823 4284 a·
900 4249 948 4301 44
969 4231 1025 4289 Aru
1048 4251 1095 4300 ea,
1114 4249 1172 4310 qua
1197 4232 1274 4310 ssiu
1292 4225 1378 4308 uniri
1391 4228 1445 4309 stra
1458 4247 1529 4314 pore·

124 4305 210 4366 tiam
236 4305 317 4385 legit
338 4310 415 4371 idem
433 4307 592 4371 Lambinus
611 4307 739 4386 obseratam
758 4326 768 4376 3
788 4303 823 4364 lic
851 4305 941 4384 flate]
962 4308 1010 4368 cl
1039 4309 1206 4384 walkerus,
1234 4310 1327 4371 addita
1352 4311 1529 4392 negatione,

122 4387 218 4449 om'm
240 4386 347 4450 recitat
366 4390 485 4469 Capella
509 4389 540 4451 in
555 4387 630 4449 libro
653 4387 768 4466 primo,
791 4387 823 4446 &
858 4385 948 4466 legit,
967 4411 1024 4468 qua
1042 4393 1150 4470 nonest
1172 4396 1201 4452 in
1218 4388 1301 4470 nolli
1316 4389 1372 4469 fita
1392 4395 1530 4477 potestate,-

120 4488 201 4531 cum
226 4469 365 4548 sequenti
387 4470 533 4550 participio
559 4467 663 4614 offuso
755 4468 778 4526 is
795 4468 825 4527 td
861 4469 925 4547 quia
940 4469 1026 4550 pauli>
1045 4471 1107 4550 prist
1126 4471 1220 4536 notter
1237 4473 1276 4533 ait
1297 4471 1388 4554 neceffe
1408 4474 1453 4554 affe
1473 4477 1531 4536 aui·

119 4551 291 4613 convenit.
312 4555 424 4614 Fauen.
447 4549 541 4616 Falsus
635 4553 694 4612 Pet.
739 4551 805 4612 aber
816 4588 826 4620 ,
862 4569 934 4610 mun
950 4551 1085 4634 perspicus
1100 4553 1201 4625 celere,
1219 4555 1314 4616 &non
1328 4553 1393 4638 poffe
1406 4557 1531 4627 Mun

116 4633 171 4710 qui
198 4631 396 4696 Mattianum
417 4632 569 4712 Capellam
586 4630 624 4694 ia
639 4629 754 4694 recitare
772 4646 826 4690 tra-
861 4633 1089 4714 remperspr'ruam
1103 4655 1155 4698 uon
1171 4637 1316 4718 approbare.
1335 4639 1489 4698 Davtstua
1528 4699 1533 4706 ,

116 4713 172 4776 dit.
209 4715 377 4797 tegetem
404 4717 496 4788 obruto
525 4711 562 4778 ὰ
591 4711 704 4806 oppreffo.
741 4709 826 4773 Certe
900 4711 923 4756 *
944 4715 1122 4798 Affinriantr]
1145 4716 1259 4798 Legit,
1283 4714 1421 4798 affmtirr',
1448 4716 1535 4787 Lau:

114 4799 199 4878 obrui
222 4799 267 4862 δι
290 4800 402 4880 opprinu
418 4794 514 4880 palin
532 4796 626 4878 jungit
633 4793 748 4874 919010,
766 4795 827 4870 Dr·
861 4809 951 4873 unua
969 4815 980 4880 3
1000 4793 1183 4887 affirm,
1200 4799 1344 4876 §uratum
