4259 5592
542 448 629 541 cp
800 412 1814 513 uunnruntnaonuu

472 594 481 613 .
505 602 517 622 ”
545 600 841 713 anctoritatem,
865 638 951 693 non
975 589 1284 695 sacredotum
1312 610 1497 693 Portenta
1514 604 1625 691 eninr
1642 605 1684 691 ἃ
1710 602 1856 719 flagitia
1893 604 1945 689 ah

459 739 468 775 “·
548 726 716 839 utrisque
740 722 936 811 dicuntur.
964 726 1109 837 Neque
1135 721 1244 805 enim
1253 747 1404 836 ‚quem
1416 718 1719 833 Hipponaeiiri
1783 716 1947 803 buslae

549 844 667 943 serat,
690 860 756 926 aut
779 840 850 952 qui
872 860 950 923 erat
975 832 1201 923 Archilochi
1224 837 1336 921 vetlir
1358 834 1651 940 muneratum
1737 866 1771 921 o
1796 832 1949 917 irmnis·

549 956 634 1043 ium
644 952 848 1056 dolorem,
870 980 956 1037 non
973 972 1219 1065 conceptum
1241 948 1318 1036 ise
1342 947 1448 1063 ipso,
1460 950 1711 1041 continebar:
1732 975 1832 1051 nec,
1850 954 1948 1033 cirrn

549 1070 706 1184 Agitur
726 1066 955 1171 libidinem,
974 1088 1043 1153 aut
1061 1072 1156 1151 cunr
1175 1061 1321 1173 Paridis
1343 1060 1556 1165 videmur,
1578 1064 1702 1153 adeo
1716 1065 1872 1149 eausam
1885 1089 1951 1146 re·

552 1189 768 1299 quirimus,
784 1187 880 1267 crim
905 1180 1033 1293 culpae
1054 1182 1165 1295 pani
1187 1205 1334 1265 vocem
1359 1176 1677 1267 audiammtnec
1698 1209 1783 1293 ego
1794 1178 1948 1263 multo-

554 1328 646 1383 mm
675 1320 872 1411 agrorum
893 1294 1054 1381 salutem
1084 1324 1173 1381 non
1200 1292 1251 1379 ab
1275 1298 1330 1380 Hi
1359 1312 1524 1403 portate
1549 1298 1712 1405 potiris,
1766 1297 1860 1377 urim
1895 1288 1946 1374 ah

553 1407 920 1523 AEfculapio·,rlatam
942 1407 1101 1523 judico:
1117 1435 1192 1495 nec
1216 1412 1270 1495 [a
1313 1416 1321 1427 '
1378 1410 1610 1495 moniornm
1631 1409 1752 1523 discip
1767 1413 1873 1493 'nam
1883 1404 1954 1491 di·

555 1556 648 1613 cam
674 1552 849 1637 unquam
870 1518 925 1607 ab
943 1520 1123 1637 Apolline
1143 1526 1285 1637 potiris
1301 1528 1470 1635 Sparta,
1490 1526 1615 1635 quim
1632 1529 1658 1611 i
1674 1528 1863 1639 Lycurgo
1875 1520 1950 1606 da-

555 1664 645 1729 tam.
675 1637 896 1740 Critolaus,
917 1640 1079 1751 inquam
1090 1698 1113 1741 ,.
1124 1636 1259 1723 evertit
1277 1637 1541 1723 Corinthum:
1567 1637 1845 1753 Carthaginem
1878 1634 1950 1721 As-

556 1750 705 1843 drubal.
736 1757 791 1837 Hi
815 1752 909 1839 duo
927 1750 1012 1837 illor
1036 1753 1176 1838 ourlos
1193 1780 1273 1839 ora
1286 1754 1483 1837 maritima
1507 1752 1951 1853 effodemntmonira-

557 1894 619 1957 rus
644 1868 760 1953 alicui
772 1928 793 1971 ,
815 1892 938 1993 quem
956 1866 1122 1953 omnino
1137 1864 1244 1954 irasci
1273 1868 1386 1980 posse
1414 1866 1591 1980 negaris,
1608 1866 1725 1955 deur.
1973 1886 1980 1898 '

487 2012 555 2075 “·,
618 1990 671 2071 At
684 1978 890 2069 -lubvemre
914 1984 1016 2067 certi
1065 1984 1195 2087 otuit,
1219 1980 1508 2068 &conservare
1532 1982 1953 2093 urbestantar,.atque
2082 2015 2083 2022 ¹

493 2060 512 2137 3
520 2061 661 2190 9s'ares.
691 2102 774 2183 Vos
796 2100 902 2181 enim
922 2096 991 2209 ipsi
1018 2012 1148 2181 licere
1168 2094 1316 2199 soletis,
1344 2093 1439 2179 nihil
1457 2100 1534 2181 esse
1554 2096 1670 2207 quod
1696 2097 1797 2181 deus
1817 2096 1952 2180 effice-

508 2270 511 2283 ·
560 2240 607 2299 re
624 2240 707 2297 non
733 2212 871 2324 polin,
893 2212 931 2297 Sc
957 2210 1119 2323 quidem
1140 2210 1219 2295 fine
1239 2206 1372 2296 labore
1397 2209 1486 2296 ullo.
1532 2216 1587 2297 Ut
1613 2215 1718 2296 enim
1743 2208 1958 2299 hominum

560 2326 734 2411 membra
752 2319 851 2409 nulli
868 2328 1141 2428 contentione,
1167 2338 1297 2412 mente
1315 2326 1395 2437 ipsa
1405 2352 1452 2411 ac
1473 2325 1673 2411 voluntate
1694 2348 1951 2416 moveantur:

559 2440 611 2525 fic
634 2441 795 2529 numine
809 2439 981 2525 deorum
995 2444 1131 2525 omnia
1148 2436 1271 2553 fingi,
1290 2444 1443 2546 moveri
1455 2502 1475 2544 ,
1487 2446 1704 2555 mutarique
1715 2444 1837 2553 poffe
1867 2444 1955 2523 Ne-

503 2604 521 2629 ‚‚
548 2582 641 2667 ,que
661 2556 703 2643 id
723 2554 848 2641 dicitis
864 2554 1280 2668 superstitiosi,atque
1299 2552 1471 2659 aniliter,
1492 2552 1558 2639 sed
1572 2556 1757 2671 physici,
1770 2554 1956 2641 constan·

559 2676 666 2783 tique
689 2674 850 2757 ratione.
878 2674 1078 2755 Materiam
1102 2667 1208 2753 enim
1230 2695 1384 2772 rerum,
1406 2694 1455 2753 err
1483 2697 1592 2777 qua,
1605 2670 1645 2759 &
1660 2670 1707 2755 in·
1727 2672 1952 2782 quaomnia

560 2786 656 2890 frnt,
683 2810 811 2873 totam·
830 2784 904 2867 erte
919 2783 1156 2888 flexibilem,
1171 2784 1211 2868 &
1225 2778 1569 2886 commutabilem,
1583 2808 1626 2869 ut
1645 2784 1741 2869 nihil
1755 2786 1825 2888 lit,
1839 2781 1956 2896 quod

561 2930 646 2987 non
671 2928 718 2985 ex
738 2928 783 2985 ea
808 2901 986 3009 quamuis
1009 2899 1138 2986 subito
1157 2896 1276 3009 fingi,
1290 2901 1544 3010 convertique
1563 2900 1687 3011 possrt
1719 2899 1808 3009 Ejus
1823 2922 1953 2983 autem

560 3016 745 3101 universa
771 3012 976 3116 fictricem,
991 3012 1339 3099 &moderatricem
1361 3011 1536 3097 divinam
1554 3014 1631 3097 effe
1652 3012 1954 3127 providentiam

549 3136 678 3215 Hanc
701 3127 818 3242 igitur
834 3190 848 3231 ,
865 3152 1125 3240 quocumque
1149 3128 1364 3213 semoveat
1377 3126 1555 3230 ,efficere
1577 3130 1714 3242 polse,
1754 3126 1953 3242 quidquid
2081 3151 2082 3164 ²

550 3242 662 3331 -rrelit
693 3248 743 3329 lta
776 3264 909 3351 uelaut
930 3240 1045 3327 nescit
1055 3304 1078 3347 „
1096 3240 1194 3355 quid
1220 3240 1356 3353 poliit3
1390 3263 1458 3325 aut
1484 3240 1647 3358 negligit
1661 3269 1724 3327 res
1742 3244 1953 3339 humanam

562 3384 658 3461 aur,
681 3274 779 3473 quii
803 3356 846 3441 fit
872 3356 1097 3464 optimum,
1121 3385 1205 3439 non
1223 3354 1352 3468 potest
1368 3351 1545 3459 judicare.

620 3477 719 3557 Non
739 3492 846 3555 curat
870 3470 1038 3585 singulos
1064 3467 1254 3555 homines.
1282 3473 1383 3553 Non
1409 3472 1574 3556 mirum:
1596 3493 1648 3551 ne
1673 3473 1847 3555 civitates
1864 3474 1951 3584 qui-

562 3584 666 3669 dem.
695 3592 798 3671 Non
817 3588 917 3667 easi
948 3612 998 3669 ne
1018 3589 1194 3669 nationes
1215 3580 1399 3698 quidem,
1425 3584 1627 3699 &genten
1669 3584 1798 3709 th
1830 3586 1859 3668 sr
1887 3588 1951 3670 har

563 3696 677 3783 etiaim
711 3721 959 3801 contemnet,
981 3696 1078 3813 quId
1102 3703 1250 3783 mirum
1263 3698 1342 3801 est,
1364 3727 1486 3783 omne
1512 3696 1562 3783 ab
1597 3724 1642 3781 ea
1667 3727 1791 3811 genus
1812 3704 1958 3785 huma·

562 3842 659 3897 num
682 3814 758 3898 etse
780 3821 1080 3924 contemptum?
1116 3811 1220 3918 Sed,
1258 3842 1345 3925 quo
1369 3814 1509 3900 modo-
1527 3813 1647 3899 iidem
1678 3812 1806 3899 dicitis
1827 3879 1851 3919 ‚,
1871 3844 1953 3899 non

563 3932 701 4013 omnia·
720 3927 818 4013 deos
840 3928 1048 4041 persequi,
1065 3924 1186 4011 iidem
1209 3924 1348 4030 vultis,
1373 3933 1397 4013 a
1418 3926 1496 4013 diis
1515 3927 1797 4013 immortalibus
1819 3930 1955 4013 homi-

561 4043 676 4127 nibus
700 4040 884 4155 dispartIri
907 4069 955 4127 ae
976 4039 1099 4124 dividi
1125 4042 1292 4134 somnia?
1314 4039 1473 4128 ldcirco.
1492 4044 1578 4129 hac
1595 4066 1756 4145 tecum,
1776 4043 1873 4155 quia
1887 4072 1956 4130 ve-

559 4160 631 4241 lita
661 4158 713 4239 est
739 4158 790 4241 de
809 4155 1055 4243 somniorum
1073 4160 1230 4243 veritate
1244 4156 1435 4243 sententia.
1463 4160 1594 4273 Atque
1609 4156 1728 4242 iidem
1741 4162 1956 4246 etiam-vo-

551 4294 600 4383 ta
618 4270 750 4471 suscipi
775 4270 900 4357 dicitis
926 4294 1120 4385 oporrere.
1148 4277 1306 4385 Nempe
1329 4270 1465 4387 singuli
1496 4294 1668 4358 vovent:
1695 4271 1807 4359 audit
1837 4276 1957 4388 igitur

558 4413 669 4471 mens
730 4391 828 4473 'vina
844 4384 960 4472 etiarn
987 4385 1038 4469 de
1059 4386 1223 4497 srngulis.
1255 4385 1402 4472 Videtis
1417 4415 1537 4500 ergo,
1558 4414 1653 4471 eam
1670 4396 1763 4472 non.
1780 4392 1858 4473 effe
1877 4414 1962 4473 tam

561 4526 819 4612 occupatam,
844 4506 969 4615 quim·
984 4500 1177 4613 putabatis
1187 4505 1215 4585 ἕ·
1244 4505 1318 4587 Fac
1337 4504 1413 4588 ess‘e
1436 4497 1665 4606 distentam,
1699 4502 1841 4589 caelum
1868 4532 1959 4589 ver-

561 4616 730 4719 santem,
752 4640 889 4701 terram
916 4638 1116 4720 tuentem,
1145 4619 1264 4702 maria
1294 4616 1585 4726 moderantem:
1609 4646 1680 4703 cur
1703 4642 1785 4703 tam
1809 4621 1957 4705 multos

551 4729 659 4819 aleos
679 4730 776 4817 nihil
791 4758 929 4845 agere,
958 4732 1000 4817 δι
1021 4731 1167 4819 celiare.
1190 4736 1370 4849 parituri
1398 4738 1485 4820 Cur
1510 4764 1595 4823 non
1619 4731 1737 4820 rebus
1768 4738 1954 4820 humanis

1233 4868 1239 4885 ·
1651 4887 1658 4897 ·
1801 4850 1956 4965 aliquos
