4259 5592
900 185 924 243 Χ

515 407 1292 502 nrunnrnnrrus.
1370 332 1431 403 ⁴
1526 452 1614 535 aas,
1779 387 1792 455 r

207 596 381 717 grando
402 592 520 686 analo.
564 594 818 701 mationem
838 622 969 689 autem
991 594 1226 711 agritudinis
1249 600 1290 681 in
1315 598 1468 687 duabus
1492 603 1608 693 rebus

200 713 361 831 ponit,
384 709 620 799 avocatione
641 714 667 798 a
693 710 903 825 cogitanda
928 711 1135 817 molestia,
1168 710 1208 795 &
1238 715 1525 822 revocatione,
1557 717 1609 802 atl

203 849 379 917 ,contem
408 824 541 913 landas.
566 824 796 939 voluptates
833 833 968 915 Patere
986 830 1089 913 enim
1114 826 1239 913 censet
1262 832 1435 915 animum
1469 830 1610 919 ratiorli

217 944 360 1058 polle,
440 943 558 1053 ,qub
584 939 645 1025 illa
668 939 808 1046 ducat,
830 941 948 1053 sequi.
977 945 1090 1028 Vetat
1114 945 1229 1055 igitur
1242 947 1339 1031 ratio
1359 948 1497 1029 intueri
1519 976 1610 1033 mo-

212 1057 361 1141 lestias:
383 1050 564 1139 abstrahit
581 1052 632 1139 ab
645 1052 792 1142 acerbis
806 1055 1112 1171 cogitationibus
1126 1054 1306 1141 hebetem
1328 1064 1450 1145 aciem
1471 1058 1522 1143 ad
1536 1066 1612 1147 mi-

205 1171 323 1267 serias
346 1166 689 1282 contemplandas:
714 1174 738 1257 ὲ
761 1170 1020 1286 quibuscum
1048 1174 1189 1255 cecinit
1222 1178 1418 1286 receptui,
1451 1170 1613 1287 impellit

205 1285 362 1371 rursum
389 1283 587 1370 &incitat
621 1282 673 1370 ad
707 1283 999 1400 conspiciendas
1023 1290 1190 1399 totique
1218 1309 1357 1375 mente
1368 1290 1613 1374 contradan-

213 1399 284 1488 das
311 1396 433 1485 varias
451 1398 699 1513 voluptates,
723 1400 870 1515 quibus
902 1399 1025 1489 ille&
1053 1402 1329 1513 preteritarum
1355 1402 1545 1489 memorii
1572 1405 1612 1499 dt

212 1516 279 1628 spe
302 1515 626 1629 consequentium
656 1513 833 1627 sapientis
853 1521 974 1605 vitam
998 1516 1174 1601 refertam
1230 1536 1322 1601 utat
1351 1520 1449 1601 Hac
1476 1518 1611 1607 nostro
1818 1606 1824 1615 ,

203 1658 324 1719 more
346 1659 421 1716 nos
444 1628 838 1742 diximus-Epicurei
854 1629 1000 1717 dicunt
1024 1631 1107 1719 suo.
1135 1633 1182 1713 Se
1224 1658 1351 1746 ,que
1377 1629 1531 1739 dicant,
1549 1632 1612 1720 via·
1690 1653 1694 1667 ’

203 1746 402 1833 deamus:
430 1772 517 1858 quo
544 1742 672 1831 modo
694 1744 945 1859 negligamus
1199 1820 1203 1826 .
1268 1774 1272 1789 ’
1593 1784 1597 1811 2

204 1932 211 1941 .
269 1858 468 1972 Principio
499 1858 599 1953 male
624 1859 915 1973 reprehendunt
941 1859 1314 1975 praemeditationem
1347 1888 1475 1948 rerum
1503 1864 1678 2004 littus-3·

206 2002 354 2072 aarum.
382 1972 492 2060 Nihil
513 1976 569 2058 est
588 1977 718 2075 enim,
745 1975 861 2088 quod
893 1997 975 2061 tam
1007 1971 1205 2063 obtundat
1228 1978 1466 2090 coercetque
1497 1950 1640 2094 agri-¹

206 2089 417 2192 tudinem,
443 2093 563 2202 quim
590 2111 779 2203 perpetua
803 2094 846 2175 in
883 2094 996 2176 omni
1030 2091 1111 2176 vita
1126 2088 1358 2204 cogitatio,
1386 2090 1478 2176 nihil
1509 2094 1613 2197 else,

208 2205 329 2321 quod
349 2202 525 2292 accidere
547 2232 633 2289 non
664 2204 802 2314 polsrt:
830 2210 962 2318 quim.
977 2204 1178 2293 meditatio
1201 2203 1441 2296 conditionis
1472 2209 1612 2291 huma-

208 2347 305 2414 nat:
326 2324 455 2434 quim
471 2322 560 2405 vita
585 2315 674 2420 lex,
699 2319 1065 2432 commentatioque
1092 2318 1273 2436 parendi:
1301 2348 1388 2433 quar
1421 2350 1505 2407 non
1531 2323 1613 2407 hoc

211 2438 349 2539 affert,
369 2456 413 2519 ut
438 2432 585 2546 semper
598 2458 829 2521 moercamus
842 2496 857 2539 ,
870 2432 934 2519 sed
953 2456 998 2519 ut
1014 2463 1231 2550 nunquam.
1258 2440 1403 2548 Neque
1422 2439 1525 2520 enim
1541 2440 1612 2550 qui

205 2578 341 2635 rerum
359 2571 561 2650 naturam,
587 2544 658 2661 qui
683 2550 773 2632 vita
798 2551 1048 2669 varietatem,
1075 2547 1145 2663 qui
1172 2547 1464 2635 imbecillitatem
1490 2576 1613 2664 genc-

211 2670 262 2750 ris
285 2666 445 2750 humani
470 2664 640 2775 cogitat,
659 2684 820 2766 moeret,
840 2657 933 2751 ciun
954 2666 1037 2749 hac
1053 2668 1229 2778 cogitat,
1254 2661 1319 2748 sed
1343 2688 1428 2749 tum
1453 2666 1512 2750 vel
1526 2696 1611 2753 ma-

207 2783 315 2874 xime
333 2780 525 2891 sapientiae
556 2774 733 2889 fungimr
751 2805 925 2865 munere.
968 2784 1190 2890 Utrumque
1209 2783 1312 2863 enim
1335 2779 1611 2895 consequitur,
1706 2814 1707 2817 ‘

211 2920 258 2981 ut
281 2896 320 2977 &
344 2888 633 2980 considerandis
655 2888 771 2977 rebus
798 2895 977 2982 humanis
1002 2897 1168 3023 proprio
1182 2892 1481 3007 *philosophia
1506 2895 1612 2982 frua·-

210 3032 275 3103 tut
301 3009 466 3111 officio,
491 3007 530 3093 &
555 3005 721 3101 adversis
746 3003 893 3093 casibus
914 3008 1054 3123 triplici
1072 3007 1337 3095 consolatione
1349 3012 1495 3095 sanetur
1508 3042 1517 3098 :
1531 3004 1613 3123 pri-

210 3130 350 3229 miun,
372 3118 484 3237 quod
511 3123 623 3235 posse
638 3118 817 3209 accidere
837 3118 910 3209 diis
929 3122 1183 3239 cogitaverit,
1203 3149 1291 3237 quae
1319 3128 1509 3241 cogitatio
1533 3140 1613 3213 una

211 3240 384 3333 maxime
409 3235 599 3323 molestias
627 3264 768 3330 omnes
791 3262 973 3327 extenuat
994 3241 1034 3326 &
1054 3236 1194 3323 diluit:
1223 3234 1521 3439 ἀείηάᾙυὸά
1536 3243 1612 3327 hu-

211 3356 333 3441 mane
347 3356 382 3391 ²¹
399 3351 558 3443 serenda
587 3351 782 3466 intelligit:
809 3354 1034 3468 postremi),
1056 3350 1169 3468 qubd
1187 3348 1295 3437 videt
1309 3356 1343 3391 ²²
1434 3384 1504 3439 um
1524 3354 1611 3441 nul·
1718 3402 1721 3409 ·

211 3472 297 3559 lum
323 3470 425 3574 elle,
460 3466 530 3558 nisi
554 3464 736 3578 eulpama
772 3467 929 3581 culpam
955 3491 1088 3554 autem
1109 3464 1254 3553 nullam
1284 3470 1393 3575 else,
1422 3475 1519 3555 cdnr
1543 3469 1612 3575 id,

209 3584 332 3699 quod
358 3584 408 3672 ab
431 3586 598 3678 honrine
618 3610 703 3675 non
731 3586 903 3697 potuerit
925 3583 1113 3696 prael'tari,
1139 3587 1318 3683 evenerit,
1360 3591 1464 3673 Nam
1495 3613 1613 3669 revo-

212 3701 319 3786 catio
339 3700 560 3812 illa,quam
572 3698 704 3801 affert,
723 3703 818 3789 culm
837 3696 1109 3785 icontuendis
1129 3697 1322 3783 normalis
1344 3720 1509 3802 avocat,
1523 3698 1613 3785 mula

211 3816 249 3909 la
272 3814 337 3900 est
364 3820 464 3901 Non
488 3816 541 3903 est
564 3816 673 3906 ,etaim
696 3815 736 3897 in
758 3813 887 3902 nostra
911 3812 1121 3928 potestate,
1135 3810 1400 3905 fodicantibus
1413 3818 1457 3899 iis
1483 3814 1612 3921 rebus,

211 3960 318 4046 quas
340 3928 456 4023 malas
480 3929 558 4025 else
578 3932 810 4041 opinemur,
830 3927 1073 4026 ditinum
1085 3991 1100 4034 ,
1126 3927 1189 4039 vel
1210 3928 1370 4015 oblivio.
1402 3934 1624 4034 Lacerant,

212 4068 379 4150 vexant,
415 4044 591 4129 stimulos
613 4042 849 4150 admovent,
865 4044 974 4159 ignes
996 4044 1214 4147 adhibent,
1247 4045 1426 4155 respirare
1448 4074 1532 4130 non
1564 4045 1614 4129 ss*

212 4186 324 4249 nunt.
351 4165 399 4247 lit
413 4185 463 4247 tu
482 4156 659 4249 abscisci
676 4160 812 4273 jubes,
834 4159 949 4275 quod
978 4183 1116 4371 coptrda
1134 4163 1166 4204 ²¹
1188 4172 1364 4243 naturam
1386 4158 1462 4249 est?
1487 4156 1614 4360 Qoq

950 4282 991 4367 D
1169 4304 1191 4359 a
1441 4334 1443 4341 ·

214 4522 273 4570 no,
287 4504 412 4560 humana
448 4488 619 4563 Osrvarus.
936 4500 1006 4561 laius
1020 4500 1144 4563 voluerit
1156 4499 1205 4581 rufi
1220 4495 1300 4581 culpi.
1320 4499 1422 4575 Famil.
1440 4504 1493 4565 IX.
1512 4480 1556 4584 epi
1571 4518 1615 4566 16·

257 4604 306 4640 22.
325 4584 398 4641 Valet
421 4582 521 4641 mulum
553 4582 656 4642 nullm
687 4580 748 4662 effe,
781 4580 832 4661 stili
848 4584 903 4649 cul·
939 4580 1058 4729 »sibilas
1068 4584 1192 4667 sapientis
1204 4582 1337 4665 prestare)
1351 4581 1522 4669 stistcrslpam.
1542 4586 1616 4651 Vide

210 4671 297 4747 pm]
318 4665 407 4737 Quod
425 4661 523 4730 Latini
553 4662 670 4741 culpam
698 4682 852 4733 vocarunt,
872 4662 902 4725 id
939 4662 1010 4728 ibid.
1070 4686 1105 4725 ar
1129 4665 1171 4726 VI
1194 4684 1206 4724 1
1226 4664 1286 4723 ΧΠ
1308 4683 1341 4740 η
1374 4670 1536 4733 Worrcuras.

215 4766 269 4806 nos
286 4744 375 4807 hodie
392 4745 492 4805 malum
518 4744 634 4815 morale,
664 4743 697 4803 ὅ(
729 4746 790 4816 w'
816 4737 903 4825 igonis
983 4768 1030 4826 23.
1052 4749 1184 4807 Naturam
1205 4744 1321 4825 pir...
1341 4748 1456 4820 doloris]
1477 4749 1618 4813 Visiorius

208 4843 346 4909 percnum
365 4824 498 4888 dicimus.
520 4824 595 4886 Hinc
611 4846 671 4887 non
687 4827 797 4904 polium
826 4829 904 4906 oqui·
940 4828 1079 4907 punam
1094 4824 1371 4907 interrogativum&
1384 4828 1431 4889 lrlc
1445 4830 1618 4909 &illictnon

217 4911 288 4971 ἁοω
306 4907 418 4972 causam
439 4905 573 4987 expiscati
586 4907 903 4982 idoneam,curBenr-
942 4910 1034 4991 lubet
