4259 5592
617 462 697 540 „4
960 417 1130 505 nn
1186 410 1584 505 aruraus
1706 510 1712 517 ,

610 603 791 701 libentius
808 600 1035 693 auditarum
1060 602 1193 708 sitisse,
1214 632 1266 689 an
1286 619 1435 702 meam3
1462 602 1558 686 com
1581 627 1660 714 ego
1682 597 1878 705 dicerem,
1904 602 1985 691 nihil

610 756 704 813 eum
727 723 855 809 fecisse
878 714 944 803 sui
967 714 1108 824 causi,
1136 722 1353 835 omniaque
1375 710 1617 830 reipublloe3
1648 736 1693 800 tu
1710 718 1849 802 contra
1876 715 1983 825 rriltil,

610 844 680 928 nisi
704 834 793 927 sul?
820 835 976 921 sivero
1004 830 1047 921 id
1071 832 1188 920 etiam
1220 832 1425 947 explanare
1444 829 1587 935 velles,
1619 830 1867 945 apertiusque
1890 830 1985 919 dice-

608 983 697 1057 res,
719 947 813 1036 nihil
838 976 929 1035 eurn
953 947 1109 1053 fecisse,
1131 947 1202 1033 nisi
1224 948 1434 1062 voluptatis
1457 939 1603 1050 causi,
1635 971 1724 1059 quo
1747 942 1876 1033 modo
1904 972 1984 1037 erun

608 1064 769 1153 tandem
792 1062 1085 1153 laturumfuilse
1113 1062 1339 1156 existimes?
1817 1119 1834 1126 --

568 1178 570 1187 ⁴
666 1182 782 1267 Ello:
808 1178 970 1281 fecerit,
994 1178 1024 1263 st
1046 1182 1099 1264 ita
1131 1180 1219 1283 vis,
1246 1181 1472 1293 Torquatus
1492 1196 1654 1288 propter
1688 1173 1778 1271 suar
1791 1173 1983 1265 utilitates:

607 1295 713 1383 malo
741 1297 846 1387 enim
863 1291 1013 1399 dicere,
1035 1295 1156 1406 quim
1181 1292 1402 1406 voluptates
1414 1353 1428 1396 ,
1455 1293 1497 1375 in
1518 1310 1629 1375 tanto
1652 1288 1856 1404 prasertim
1883 1294 1983 1380 viro:

608 1440 707 1496 num
733 1414 847 1499 etiam
874 1408 953 1519 ejus
969 1406 1117 1522 collega
1141 1412 1184 1494 P.
1206 1411 1381 1510 Decius,
1400 1407 1581 1520 princeps
1608 1403 1653 1487 in
1671 1430 1718 1491 ea
1740 1400 1882 1491 natta
1896 1435 1985 1492 con·

607 1526 770 1628 illatus,
799 1519 892 1610 cirin
914 1524 951 1608 se
969 1519 1208 1625 devoveret,
1231 1521 1271 1608 δι
1293 1550 1402 1636 equo
1421 1519 1585 1608 admisso
1608 1523 1652 1607 in
1672 1516 1843 1607 mediam
1873 1523 1986 1609 aciem

606 1639 836 1725 Latinorum
870 1636 1073 1753 irruebat,
1102 1634 1250 1749 aliquid
1277 1635 1328 1720 de
1359 1632 1626 1748 voluptatibus
1657 1635 1731 1719 suis
1767 1630 1984 1750 cogitabat

607 1758 715 1841 Nam
728 1756 761 1798 ⁴³
778 1754 847 1839 ubi
871 1779 958 1837 eam
978 1772 1159 1863 caperet,
1177 1773 1245 1838 aut
1257 1747 1445 1866 quando,
1467 1743 1561 1835 cluo
1579 1748 1688 1837 sciret
1703 1748 1905 1837 confestim
1917 1749 1987 1839 effe

606 1865 883 1968 moriendum3
898 1870 1079 1980 eamque
1099 1887 1268 1950 mortem
1296 1862 1517 1951 ardentiore
1536 1862 1667 1952 studio
1689 1882 1862 1978 peteret,
1876 1868 1986 1979 quint

605 1986 796 2095 Epicurus
824 1980 1067 2091 voluptatem
1090 1978 1301 2094 petendam
1326 1986 1462 2094 putat?
1491 1976 1619 2096 Qod
1650 1978 1814 2095 quidem
1835 1979 1914 2090 ejus
1933 1978 1989 2062 sa-

604 2097 713 2182 &usn
735 2096 806 2179 nist
836 2097 927 2180 esset
953 2094 1035 2207 jure
1060 2092 1286 2198 laudatum,
1313 2123 1398 2179 non
1420 2092 1513 2177 esset
1533 2094 1703 2178 initams
1727 2115 1870 2205 quarto
1893 2121 1987 2179 con·

606 2210 726 2296 sulatu
748 2209 820 2296 suo
843 2206 965 2296 lilius:
986 2236 1117 2325 neque
1140 2212 1262 2321 porri>
1287 2235 1336 2293 ex
1360 2234 1411 2292 eo
1437 2229 1577 2313 natus,
1609 2237 1702 2293 etun
1730 2209 1881 2322 Pyrrho
1909 2202 1988 2288 bel·

605 2324 686 2408 lum
710 2352 872 2437 gerens,
898 2323 1032 2408 consul
1053 2322 1304 2435 cecidilsetin
1325 2322 1482 2435 ptaelio,
1505 2320 1663 2435 seques
1688 2324 1906 2408 continenti
1922 2346 1990 2435 ge·
2102 2413 2104 2416 ,

444 2438 499 2483 ’·
604 2440 863 2521 neretertiam
886 2440 1080 2523 vislimam
1105 2436 1324 2546 reipublice
1347 2431 1579 2549 prabuiffet
1688 2453 1690 2456 ’
2102 2427 2104 2450 '

557 2610 559 2615 ,
662 2550 866 2635 Contineo
888 2578 953 2633 rne
971 2548 1019 2635 ab
1037 2548 1231 2660 exemplis.
1260 2555 1402 2637 Grecis
1425 2554 1504 2636 hoc
1520 2546 1725 2636 modicum
1747 2551 1825 2636 est:
1848 2552 1991 2638 [eorn-

604 2662 701 2765 das,
717 2663 1030 2775 Epaminondas,
1049 2689 1124 2749 tres
1147 2663 1298 2777 aliqui,
1331 2686 1607 2775 autquatuor.
1647 2670 1758 2778 Ego,
1783 2666 1812 2747 fi
1839 2666 1991 2751 nostros
2102 2721 2104 2754 i

604 2777 785 2893 colligere
806 2806 992 2976 crepero,
1016 2778 1213 2891 perficiam
1248 2778 1341 2864 illud
1360 2777 1549 2891 quidem,
1582 2801 1628 2862 ut
1642 2781 1686 2863 ¹se
1707 2778 1839 2864 virtuti
1871 2776 1992 2863 tradat

603 2894 850 3006 constringen
880 2922 943 2977 am
967 2894 1158 3004 voluptasr
1192 2892 1269 2978 Sed
1289 2892 1372 2976 dies
1390 2919 1455 2975 me
1478 2891 1652 2977 deficiet:
1685 2892 1745 2994 ἃ,
1771 2916 1816 2977 ut
1842 2900 1890 2985 Α.
1916 2896 1994 2974 Va·

604 3009 711 3108 rius,
741 3009 810 3117 qui
840 3007 893 3089 eil
919 3005 1072 3091 habitus
1092 3006 1209 3119 judex
1235 3006 1397 3111 durior,
1435 3006 1565 3091 dlcere
1592 3004 1801 3092 consessori
1825 3003 1995 3107 solebat,

603 3115 719 3221 clun,
738 3118 835 3205 datis
864 3118 1042 3225 testibus,
1066 3120 1128 3205 alii
1151 3146 1279 3207 tamen
1304 3119 1536 3223 citarentur,
1563 3126 1643 3206 Aut
1662 3122 1742 3204 hoc
1761 3118 1920 3205 testium
1940 3120 1996 3203 la-

605 3236 652 3318 tis
676 3236 752 3337 est,
776 3255 843 3319 aut
861 3234 1016 3338 nescio,
1043 3234 1141 3346 quid
1174 3231 1257 3321 satis
1281 3235 1349 3319 stt:
1372 3236 1425 3319 src
1448 3238 1471 3319 a
1495 3262 1559 3319 nte
1586 3232 1670 3318 satis
1694 3231 1832 3319 datum
1854 3234 1914 3319 est
1938 3256 1997 3319 te-

604 3350 731 3432 stium.
761 3348 872 3473 Qid
896 3354 1024 3442 enim?
1054 3370 1093 3433 te
1118 3347 1266 3462 ipsum,
1286 3348 1547 3461 dignissimum
1558 3347 1775 3454 maioribus
1798 3352 1905 3451 nris,
1919 3376 1997 3431 vo·
2102 3399 2104 3402 -

605 3459 778 3573 luptdsne
803 3462 977 3569 induxit,
1000 3486 1045 3549 ut
1058 3462 1359 3550 adolescentulus
1373 3467 1537 3575 eriperes
1548 3467 1590 3546 P.
1600 3461 1706 3576 Sylla
1727 3462 1999 3549 consulatum?
2102 3507 2104 3558 i

604 3602 727 3689 quern
751 3582 844 3663 clun
866 3575 917 3661 ad
937 3599 1085 3691 patrem
1111 3600 1226 3664 tuum
1246 3578 1450 3683 retulisses,
1470 3575 1881 3681 sortiffimumvirum,
1897 3604 2001 3689 qua·.

456 3692 466 3702 ”
602 3688 645 3773 lis
661 3690 720 3775 ille
744 3691 804 3776 vel
829 3687 986 3794 consul,
1014 3691 1074 3778 vel
1092 3697 1187 3779 civis
1210 3698 1305 3780 cum
1330 3692 1503 3805 semper,
1527 3712 1613 3776 rum
1634 3690 1723 3804 post
1748 3690 2004 3778 consulatum

600 3804 709 3888 suit?
732 3834 817 3918 quo
842 3804 1005 3921 quidem
1024 3807 1185 3892 audore
1215 3836 1290 3895 nos
1316 3808 1386 3918 ipsi
1417 3834 1464 3890 ea
1489 3806 1685 3919 gerimus,
1725 3826 1770 3892 ut
1800 3803 2006 3891 omnibus

603 3914 737 4029 potius
764 3924 882 4032 quam
905 3919 995 4033 ipsrs
1014 3920 1469 4008 nobis'consulueritnus

662 4037 713 4117 Ar
735 4038 854 4146 quam
879 4034 1038 4146 pulchrd
1059 4035 1190 4121 dicere
1213 4031 1416 4140 videbare,
1439 4030 1533 4120 cum
1562 4060 1612 4117 ex
1634 3988 1747 4118 altera
1773 4052 1896 4144 parte
1927 4064 2011 4146 po-

485 4269 489 4277 ,
604 4146 724 4231 nebas
750 4149 989 4236 cumulatum
1024 4150 1194 4309 aliquem
1215 4150 1388 4265 pltuinris
1423 4150 1464 4235 &
1487 4151 1662 4236 maximis
1690 4145 2015 4350 velupmdiiiilld

627 4484 694 4557 ¹43·
715 4471 841 4529 Namara
857 4455 1044 4553 eumenem]
1066 4471 1147 4533 Paris.
1159 4488 1273 4551 peren
1310 4491 1350 4534 m
1365 4473 1401 4533 ι.
1416 4440 1523 4534 aran
1542 4472 1625 4553 njis
1639 4472 1885 4537 anniuersarias
1906 4495 2018 4555 arga,
2102 4435 2104 4512 l

603 4542 653 4620 rufi
667 4564 697 4604 ut
713 4568 779 4607 eam.
790 4550 846 4609 Pal.
860 4572 901 4627 pr.
919 4554 963 4613 ubi
976 4576 1006 4614 ur
1022 4574 1088 4615 eam.
1107 4553 1210 4615 Forsan
1229 4555 1274 4613 ubi
1310 4573 1371 4615 teus
1391 4552 1448 4619 ein
1463 4576 1521 4633 quo
1536 4552 1656 4615 Iunonis
1670 4553 1783 4633 sospita
1798 4554 2021 4629 fimuhcrum,

604 4642 690 4713 aufem
705 4643 809 4707 caperer.
828 4631 962 4709 Alioquin
975 4656 1019 4695 ras
1031 4634 1127 4715 putide
1137 4633 1274 4714 scripsisset
1310 4635 1392 4728 quale
1408 4635 1529 4698 Lanuvii
1552 4635 1719 4707 colebatur,
1742 4656 1828 4729 etim·
1852 4629 1945 4717 pene
1974 4660 2024 4700 ca»
2102 4685 2104 4722 ἱ

604 4702 718 4765 Cicero.
738 4708 892 4770 Davisius.
1309 4736 1389 4793 prusa
1399 4716 1539 4798 signatum
1552 4709 1611 4789 eit,
1628 4718 1734 4796 adju&
1743 4716 2025 4799 animaene&
2102 4735 2104 4800 l

644 4807 693 4858 44·
712 4786 928 4851 mensuatim
940 4793 996 4872 fisi»
1013 4797 1190 4868 ramnus]
1210 4794 1270 4855 Ex·
1308 4798 1582 4869 Tuoawsllmua
1601 4798 1929 4885 lS.M.llhocest,
1954 4806 2029 4867 lau
2102 4811 2104 4868 i

1795 4930 1837 4943 .,
1937 4878 2028 4972 aar,
