4259 5592
542 460 573 534 r
855 435 918 526 Μ.
973 432 1028 530 Τ.
1085 431 1635 524 CicERole

540 631 639 718 ravit
657 619 868 710 indocilem
886 620 1000 710 'usias
1022 616 1274 734 disciplinam·
1302 621 1438 737 ltaque
1460 616 1553 710 cirm
1573 641 1706 709 totum
1725 616 1854 733 iter&
1867 651 1939 717 nar·

541 744 781 858 rigationem
802 737 1114 850 conlumpfilset,
1126 737 1267 851 partim
1286 731 1328 818 iti
1351 731 1832 849 percontandoaiperitis,
1849 770 1941 853 par-

543 864 616 942 tim
637 863 678 944 in
705 849 818 939 rebus
842 856 956 966 gellis
982 851 1185 964 legendis,
1202 848 1243 933 in
1266 849 1392 935 Asiam
1416 852 1539 938 faetus
1567 853 1779 961 imperator
1803 855 1940 962 venit,

541 971 637 1058 clam
664 973 754 1056 eller
779 965 906 1052 Roma
931 969 1131 1078 protestus
1154 969 1207 1050 rei
1230 959 1399 1052 militaiis
1423 967 1541 1053 rudis.
1578 962 1730 1053 Habuit
1752 972 1857 1052 enirn
1876 969 1941 1056 di·

545 1117 678 1174 vmam
697 1079 896 1196 quandam
918 1086 1151 1166 memoriam
1168 1080 1540 1177 rerum3verborum
1555 1082 1741 1194 maiorem
1765 1082 1941 1170 Horten·

545 1203 630 1287 stus.
660 1199 759 1302 Sed,
773 1199 858 1310 quo
873 1193 959 1309 plus
972 1199 1012 1280 in
1026 1197 1194 1308 negotiis
1215 1189 1394 1308 gerendis
1408 1224 1467 1280 res
1481 1201 1604 1312 quim
1615 1195 1734 1282 verba
1756 1200 1939 1308 prosunt,

543 1319 624 1402 hoc
649 1335 729 1397 erat
754 1313 944 1396 memoria
966 1309 1027 1396 illa
1053 1311 1310 1423 praestantior:
1333 1340 1454 1425 quam
1470 1310 1580 1396 luisse
1601 1311 1643 1394 in
1655 1311 1916 1398 Themistocle
1921 1376 1938 1420 ,

540 1457 664 1544 quem
679 1424 788 1511 facile
805 1429 1195 1538 Graciae'principem
1214 1429 1400 1538 ponimus
1412 1426 1666 1541 ,srngularetn
1685 1425 1825 1510 ferunt.
1855 1431 1939 1554 Qri

542 1542 707 1657 quidem
727 1539 842 1626 etiam
867 1538 1064 1654 pollicenti
1086 1539 1245 1625 cuidam
1266 1541 1302 1624 se
1322 1562 1443 1625 artem
1461 1547 1497 1624 ei
1517 1539 1837 1654 memoriae,.quae
1852 1567 1938 1648 rum

542 1652 714 1770 primirm
735 1653 1029 1768 proferebatur,
1048 1653 1309 1758 traditurum,
1328 1655 1564 1767 respondisse
1593 1656 1734 1742 dicitur
1745 1719 1761 1760 ‚
1781 1656 1940 1762 oblior'sii

416 1839 420 1846 ,
531 1774 710 1880 semallc
726 1769 883 1875 discere:
903 1769 1050 1876 credo,
1066 1769 1180 1884 quod
1201 1768 1394 1854 haerebant
1415 1768 1458 1853 in
1478 1775 1667 1858 memoria
1677 1799 1937 1885 quaerunque

543 1887 718 1974 audierat
741 1911 808 1972 aut
833 1884 989 1971 viderat.
1019 1885 1104 1970 Tali
1128 1883 1288 1997 ingenio
1316 1883 1500 1997 preditus
1514 1885 1695 1972 Lucullus
1713 1884 1936 1998 adjunxerat

545 2006 660 2088 etiam
685 1999 808 2105 illam,
828 2029 948 2115 quam
974 1997 1253 2084 Themistocles
1279 1998 1487 2114 spreverat,
1502 2000 1761 2113 disciplinam..
1777 2005 1936 2114 ltaque,

544 2145 589 2202 ut
601 2119 713 2202 literis
726 2117 1025 2230 consrgnamuS,
1048 2143 1135 2227 quae
1161 2118 1428 2226 montunentis
1448 2115 1863 2223 mandare-volumus:
1884 2117 1934 2200 stc

543 2233 604 2319 ille
629 2237 822 2317 inanimo
846 2257 904 2315 res
928 2227 1131 2342 insculptas
1157 2227 1334 2313 habebat.
1375 2231 1524 2315 Tantus
1545 2259 1642 2345 ergo
1664 2233 1875 2343 imperator
1893 2233 1934 2314 in

545 2353 816 2460 omnigenere
841 2341 927 2429 belli
953 2344 1054 2445 fuit,
1076 2341 1840 2457 preliis,oppugnationibus,navalibus
1858 2372 1935 2458 pu·¹

545 2467 656 2579 gnis,
679 2460 878 2574 totiusque
908 2453 993 2541 belli
1018 2455 1274 2570 instrumentis
1293 2457 1532 2572 &apparatu
1546 2458 1580 2569 ⁸,
1603 2481 1647 2544 ut
1670 2457 1731 2543 ille
1754 2486 1821 2562 retr
1845 2458 1934 2569 post

545 2572 810 2664 Alexandrum
826 2575 1015 2658 maximus
1031 2571 1138 2656 hune
1150 2575 1174 2657 d
1185 2572 1220 2654 se
1231 2570 1414 2686 majorem
1426 2573 1568 2661 ducem
1583 2577 1801 2686 cognitum,
1814 2576 1933 2685 quim
2025 2648 2029 2655 .

545 2715 965 2806 quemquameorum,
983 2715 1087 2800 quos
1107 2685 1273 2800 legisset,
1289 2686 1478 2799 fateretur.
1507 2696 1549 2775 ln
1566 2691 1708 2776 eodem
1723 2711 1826 2772 tanta
1840 2714 1934 2798 pru-

545 2805 678 2892 dentia
696 2804 770 2890 fuit
790 2805 831 2890 in
853 2800 1132 2889 constituendis
1155 2803 1486 2918 temperandisque
1498 2804 1741 2905 civitatibus,
1761 2824 1864 2886 tanta
1878 2826 1932 2884 ae-

544 2925 705 3036 quites,
732 2943 776 3004 ut
801 2917 921 3005 hodie
945 2918 1014 3003 llet
1033 2917 1121 3004 Assa
1148 2917 1296 3002 Luculli
1322 2920 1499 3004 institutis
1525 2916 1742 3019 servandis,
1760 2917 1800 3000 8(
1822 2915 1929 3030 quafi

546 3036 712 3150 vestigiis
727 3031 1009 3149 persequendis.
1036 3030 1135 3136 Sed,
1153 3033 1220 3118 etsr
1243 3063 1384 3146 magna
1408 3062 1501 3118 cum
1521 3034 1679 3121 utilitate
1696 3028 1932 3145 reipublice,

544 3173 676 3236 tamen
695 3150 843 3236 diutius
868 3152 985 3266 quim
1011 3145 1146 3230 vellem
1161 3153 1350 3234 tantavis
1374 3151 1523 3234 virtutis
1550 3172 1669 3262 atque
1690 3145 1836 3260 ingenii
1859 3170 1932 3286 pe-

545 3271 733 3382 regrinata
758 3265 880 3351 abfuit
910 3259 959 3348 ab
986 3260 1110 3349 oculis
1138 3263 1190 3346 &⁸
1205 3263 1346 3349 fori&
1368 3267 1493 3347 curia.
1540 3265 1650 3386 Qin
1672 3265 1814 3365 etiarn,
1841 3287 1933 3344 eum

544 3379 985 3472 vitroranntnndauco
1003 3375 1106 3464 bello
1121 3373 1932 3510 revertisset,irtimicommcaluumiitriep·
2115 3450 2116 3459 r

1152 3544 1156 3557 .
1860 3517 1929 3574 mo
2115 3504 2116 3523 ¹

572 3681 1916 3711 W

544 3741 610 3824 lege
626 3749 663 3806 de
679 3745 892 3826 magistratuum
915 3747 1081 3817 intervallo,
1100 3746 1148 3808 sed
1169 3767 1220 3810 err-
1293 3763 1324 3814 4·
1347 3750 1421 3823 Legis
1470 3754 1564 3818 aemio]
1585 3749 1748 3830 Intelligere
1764 3752 1876 3816 ridetur
1888 3757 1930 3820 le·⁴

541 3843 641 3903 ceptor
670 3827 722 3886 else
746 3848 814 3898 eos,
840 3849 968 3906 quorum,
987 3829 1119 3908 opertio
1140 3831 1219 3892 bello
1254 3841 1323 3904 gem
1333 3825 1450 3888 Corne'
1469 3849 1499 3888 m
1518 3852 1529 3895 r
1549 3851 1603 3907 qua
1618 3831 1765 3892 licebatiis
1781 3836 1830 3912 qui
1847 3838 1931 3918 Syllo

545 3906 610 3968 usus
631 3907 694 3968 esset
708 3929 717 3968 t
731 3907 821 3986 itaque
836 3918 973 3992 premium
983 3913 1045 3989 legis
1058 3911 1104 3971 hic
1124 3911 1220 3989 appel-
1254 3924 1344 3983 partes
1369 3908 1452 3971 etiem
1470 3911 1570 3983 secuti,
1587 3911 1761 3992 magistratus
1775 3935 1839 3976 ame
1858 3937 1930 3980 tem·

543 3985 584 4048 let
596 3988 708 4051 Cicero
729 3993 817 4064 Quod
835 4011 931 4053 autem
958 3991 1013 4063 ait,
1026 3994 1114 4052 licebat
1132 4014 1141 4052 :
1162 4015 1221 4054 non
1253 4007 1306 4065 pus
1322 4007 1431 4066 capere.
1450 3992 1524 4057 Vide
1535 3995 1646 4054 Paolum
1662 3997 1796 4057 Merulam
1806 4001 1842 4060 de
1854 4000 1929 4082 Leg.

543 4066 611 4131 ideo
628 4075 795 4152 abrogatam
811 4073 906 4152 postea
922 4074 1019 4154 legem
1035 4073 1118 4154 Syllae
1137 4074 1221 4154 ligni-
1253 4071 1339 4138 Rom.
1348 4089 1410 4150 cap.
1421 4095 1469 4148 24.
1480 4079 1507 4152 §.
1521 4087 1569 4153 36.
1589 4077 1696 4138 urvrs

544 4149 624 4221 ficar,
643 4155 729 4232 (nam
744 4174 809 4216 eam
826 4155 921 4216 valere
938 4156 1018 4217 locus
1039 4173 1075 4214 ex
1090 4158 1143 4215 XI.
1154 4156 1219 4215 Plri-
1297 4172 1322 4225 5.
1345 4157 1487 4215 indocilem
1510 4155 1570 4239 ustis
1591 4157 1748 4241 disciplinam
1766 4166 1778 4229 ]
1798 4160 1930 4222 'brdocilir

546 4229 650 4308 lippica
670 4235 800 4310 proxime
820 4236 948 4298 recitatus
966 4233 1091 4314 indicat)
1112 4235 1221 4298 sedne·
1253 4235 1312 4308 est,
1329 4232 1378 4309 qui
1399 4257 1459 4299 non
1478 4239 1602 4300 docemr.
1634 4239 1814 4318 Propertius,
1832 4243 1883 4304 lib.
1906 4245 1929 4308 I.

546 4312 657 4406 ptinere
669 4317 726 4392 jam
741 4317 782 4377 uri
797 4321 855 4396 ejus
874 4317 947 4400 legis
963 4316 1101 4381 beneficio
1122 4338 1131 4377 τ
1151 4317 1220 4380 crim
1252 4319 1337 4401 Eleg·
1356 4319 1470 4380 11.12.-

546 4391 586 4463 ri,
602 4394 652 4472 qui
672 4415 724 4474 pro
752 4399 828 4478 Sylla
846 4405 942 4464 eontra
961 4398 1090 4460 Marium
1109 4421 1219 4481 pugna-
1333 4401 1369 4458 Et
1379 4399 1447 4477 sciat
1462 4397 1600 4464 indociles
1613 4422 1714 4462 curren
1724 4403 1826 4487 lytnplta
1841 4403 1909 4467 vias.

545 4491 659 4547 ruant,
683 4497 731 4540 aur
749 4478 889 4554 honores,
910 4483 970 4562 ipso
990 4481 1102 4544 vivente
1126 4482 1219 4564 Syffl,
1251 4478 1371 4543 Ovidius
1383 4480 1456 4542 Fan.
1471 4485 1525 4544 111.
1539 4503 1571 4544 rr
1576 4503 1605 4553 9·

544 4556 603 4648 iem
618 4556 748 4636 cepissem
760 4601 769 4631 ,
781 4581 829 4622 aut
844 4563 1219 4637 viaexceffirsem,autcer-
1257 4587 1263 4596 ’
1333 4570 1405 4640 Ergo
1414 4567 1499 4623 animi
1508 4563 1663 4638 indociles,
1682 4562 1719 4630 ὰ
1732 4567 1817 4628 aditor
1830 4571 1930 4630 ratione

545 4634 574 4697 td
591 4657 629 4698 rra
639 4637 716 4700 senes
731 4643 827 4712 essent,
846 4661 878 4704 ut
899 4647 935 4705 de
958 4647 1077 4723 petenda
1092 4646 1219 4709 aedilitate
1374 4663 1498 4703 cattum·

544 4735 596 4781 nur
615 4739 732 4798 peremta
743 4720 862 4790 minime
873 4727 1103 4810 jamcogimem,
1109 4730 1220 4795 Rur-
1254 4725 1374 4784 ladmir'r
1386 4741 1481 4785 autem
1499 4723 1601 4789 ditinrr
1618 4725 1680 4808 osso
1696 4727 1841 4814 disciplina,
1862 4724 1930 4808 quia

543 4817 669 4883 Murrus,
1254 4807 1334 4889 quod
1349 4807 1486 4887 domu,
1509 4808 1664 4892 opponinrr
1685 4810 1871 4955 experientiael.
1884 4815 1931 4904 ,Α-

1815 4913 1854 4975 pu
1867 4911 1929 4960 etus
