4259 5592
368 502 372 509 .
473 406 760 501 LIBER
819 405 1323 501 SECUNDUS.
1520 421 1595 505 6or

203 623 273 689 tut
296 600 321 689 “e
337 621 463 705 terra,
482 623 622 687 ventos
644 598 810 689 Etesras?
830 625 1005 712 quorum
1025 600 1122 683 flatu
1135 594 1246 682 nimii
1258 615 1599 711 temperanturca·

208 716 333 803 letes:
353 712 402 799 ab
426 714 558 801 iisdem
573 720 688 801 etiarn
703 714 884 798 maritimi
906 714 1035 799 cursus
1054 709 1192 796 celeres
1204 774 1220 815 ,,
1243 713 1282 797 8(
1306 718 1399 799 certi
1420 711 1599 827 dirigun-

161 867 164 873 ·
208 854 282 915 tur.
311 828 433 915 Multa
457 827 721 943 pretereunda
745 828 830 912 sunt
844 859 854 913 :
870 828 909 913 8(
925 848 1057 913 tamen
1074 826 1192 913 multa
1206 824 1398 913 dicuntur.
1428 832 1599 929 Entune-

155 998 163 1009 ·
209 949 280 1029 rari
300 948 403 1027 eninr
428 973 511 1029 non
532 947 692 1056 poliunt
717 940 927 1048 fluminum
951 946 1291 1056 opportunitates:
1316 947 1423 1029 astus
1451 942 1598 1027 mariti-

207 1062 287 1160 mi,¹
306 1080 392 1142 turn
419 1056 668 1161 accedentes,
687 1079 774 1153 tum
799 1054 1043 1142 recedentes:
1060 1078 1214 1141 montes
1236 1056 1384 1160 vestiti,
1403 1079 1521 1169 atque
1537 1058 1598 1142 srl·

206 1171 373 1261 veltres:
403 1172 523 1255 lalinae
543 1171 594 1256 ab
613 1199 683 1258 ora
707 1174 896 1257 maritima
920 1168 1196 1256 ternotiffimae:
1221 1167 1599 1258 medicamentorum

207 1283 423 1369 salutarium
444 1286 660 1400 plenilsrmae
685 1306 817 1389 tertaet
840 1308 937 1371 artes
952 1284 1124 1397 denique
1138 1280 1453 1389 innumerabiles,
1472 1284 1524 1370 ad
1536 1292 1597 1373 vi-

206 1401 312 1483 &um
335 1399 443 1484 &ad
466 1404 583 1485 vitam
606 1400 827 1486 necellariae.
856 1402 937 1519 Jam
956 1399 1035 1487 diei
1051 1398 1478 1514 rrodllsqueviciffitudo
1498 1430 1598 1487 con-

204 1514 325 1598 servat
350 1514 588 1619 animantes,
621 1515 795 1600 tribuens
817 1512 923 1601 aliud
953 1512 1095 1627 agendi
1121 1536 1302 1623 tempuS,
1341 1514 1445 1599 aliud
1480 1516 1595 1630 quie-

204 1624 344 1715 scendi.
373 1633 436 1713 Sic
458 1627 634 1743 undique
659 1634 769 1713 omui
799 1637 949 1717 ratione
978 1627 1251 1729 concluditur,
1265 1652 1394 1715 mente
1414 1630 1596 1717 consrlid-

21 1787 27 1805 ·
160 1786 162 1788 >
205 1768 286 1854 que
307 1740 446 1829 divino
465 1748 598 1827 omnia
617 1746 659 1826 in
682 1744 764 1827 hoc
779 1744 937 1830 mundo
960 1742 1010 1827 ad
1034 1743 1194 1831 salutern
1212 1747 1416 1853 omniun,
1441 1746 1596 1831 conser-

203 1855 482 1970 vationemque
503 1852 773 1942 admirabiliter
798 1857 1062 1961 administrari.

218 2024 222 2031 -
256 1975 326 2055 Sin
349 1992 492 2083 qureret
517 1968 731 2083 quispiam,
749 1973 945 2079 cujusnam
968 1968 1084 2057 causa
1101 1995 1292 2060 tantarum
1317 2001 1445 2057 retum
1478 1974 1594 2061 moli·

200 2088 261 2172 tio
279 2086 378 2170 facita
400 2086 466 2169 fit:
488 2085 726 2171 arborumne
747 2087 1006 2179 &herbarum
1021 2088 1046 2168 2
1058 2116 1145 2201 qua
1162 2116 1267 2202 quan
1299 2116 1389 2173 uarn
1412 2088 1592 2175 sinesca-

98 2202 101 2206 ’
199 2200 245 2283 su
272 2200 381 2304 sunt,
405 2204 578 2285 tamena
604 2225 739 2285 natura
761 2200 996 2286 sustinentur.
1050 2210 1101 2287 Ar
1126 2200 1167 2295 id
1197 2118 1358 2317 quidem
1384 2196 1592 2289 absurdum

179 2315 266 2398 est
294 2324 355 2400 An
387 2314 616 2413 bestiarum?
644 2314 782 2402 Nihilo
806 2314 1071 2429 probabilius,
1095 2314 1192 2401 deos
1216 2341 1410 2403 mutarum
1437 2318 1589 2429 &nihil

197 2428 492 2540 inteligentium
511 2426 626 2515 causi
648 2437 802 2515 tantum
813 2430 1009 2518 laboraffe.
1039 2436 1226 2628 &prum
1241 2435 1355 2547 igitur
1373 2426 1489 2517 carui
1502 2438 1591 2547 quis

195 2542 340 2627 dixerit
354 2544 537 2629 effecium
554 2546 630 2630 elle
643 2543 861 2636 mundum?
880 2550 1028 2632 Eorum
1050 2546 1098 2629 sci
1114 2545 1186 2631 'cet
1204 2550 1482 2649 animantium,
1499 2576 1588 2658 quae

195 2662 351 2744 ratione
373 2678 545 2743 utuntur.
574 2665 628 2743 Hi
658 2660 742 2744 suut
758 2659 839 2764 dii,
871 2662 910 2746 ὃ(
938 2658 1141 2747 homines:
1165 2657 1307 2774 quibus
1333 2660 1513 2776 proferto
1527 2670 1589 2749 ui·

194 2772 251 2858 hil
276 2772 330 2856 est
350 2772 494 2857 melius.
518 2777 633 2871 ‚Ratio
649 2775 702 2858 est
719 2780 851 2878 enim,
871 2804 959 2889 quoe
977 2775 1124 2890 praestat
1144 2772 1338 2860 omnibus.
1368 2782 1422 2861 lta
1436 2774 1480 2861 fit
1502 2806 1588 2862 cre-

193 2884 339 2990 dibile,
366 2886 534 2977 deorum
558 2889 597 2973 &
619 2888 830 2975 hominurn
855 2886 970 2976 causi
991 2890 1137 2975 faciunt
1151 2891 1227 2975 effe
1244 2888 1465 2995 mundum,
1479 2888 1589 3005 qua'e-
1632 2992 1633 2997 Ν
1725 2962 1727 2965 .

193 3030 279 3118 que
308 3000 422 3087 ineo
453 3001 606 3089 mundo
632 3004 705 3088 lint
737 3008 883 3091 omnia.
924 3002 1162 3117 Faciliusque
1187 3001 1439 3119 intelligetur,
1468 3005 1588 3093 aldiis

191 3114 479 3211 immortalibus
505 3116 733 3205 hominibus
756 3120 832 3203 elle
853 3120 1078 3233 provisum,
1103 3119 1131 3203 sr
1156 3122 1325 3205 erittota
1341 3117 1519 3205 hominis
1529 3122 1588 3209 fa-

191 3234 362 3323 bricatio
388 3231 582 3345 perspecta
599 3296 612 3336 ,
627 3233 828 3347 omnilisue
841 3238 1018 3319 humanae
1037 3256 1180 3319 natura
1201 3230 1351 3347 figura,
1366 3234 1587 3347 atque5per·
1629 3252 1632 3259 ’

191 3348 329 3434 semo.
357 3354 462 3433 Nam
485 3354 580 3433 curn
600 3350 721 3435 tribus
747 3348 861 3433 rebus
881 3345 1139 3435 animantium
1162 3346 1239 3433 vita
1255 3370 1453 3452 teneatur,
1480 3349 1587 3456 cibo,

188 3462 389 3578 potione,
409 3454 567 3575 spiritu:
594 3462 647 3547 ad
676 3467 757 3548 hac
786 3464 918 3549 omnia
940 3460 1189 3577 percipienda
1210 3461 1324 3549 osest
1341 3466 1586 3577 aptiffimum,

186 3575 315 3693 quod
332 3574 521 3681 adjurruts
541 3578 699 3663 naribus
725 3579 856 3689 spiritu
878 3603 1052 3692 augetur.

203 3748 218 3762 ‚,
253 3688 447 3777 Dentibus
471 3714 602 3776 autem
623 3698 665 3783 in
687 3719 759 3777 ote
785 3694 1013 3779 amaltrudis
1041 3690 1241 3779 manditur
1261 3756 1274 3797 ,
1303 3713 1419 3805 atque
1449 3688 1497 3776 ab
1525 3688 1586 3781 his
1602 3728 1662 3751 -·

182 3829 425 3892 extenuatur
446 3807 485 3891 δι
505 3809 666 3893 molitur
686 3804 809 3893 cibus.
837 3813 986 3893 Eorum
1017 3806 1162 3892 advetfi
1184 3810 1291 3892 acuti
1324 3808 1453 3891 morsu
1481 3808 1586 3895 divi·
1605 3784 1661 3861 54

182 3920 295 4007 dunt
322 3922 448 4024 escas,
464 3921 589 4007 intimi
608 3946 741 4007 autem
752 3924 967 4009 conficiunt
981 3984 994 4026 ,
1008 3923 1079 4034 qui
1093 3924 1252 4038 genuini
1267 3946 1478 4009 vocantur:
1498 3954 1585 4039 que

183 4034 397 4123 confeeiio
419 4039 535 4120 etiam
555 4042 578 4124 a
600 4037 731 4152 lingua
756 4037 927 4149 adjuvari
958 4037 1123 4123 videtur.
1164 4040 1356 4150 linguam
1376 4058 1506 4123 autem
1533 4036 1584 4124 ad

179 4150 340 4237 radices
363 4151 442 4259 ejus
467 4152 611 4238 haerens
631 4152 776 4267 excipit
798 4154 1044 4239 stomachus:
1072 4155 1156 4266 qub
1180 4148 1354 4262 primunr
1381 4148 1585 4264 illabuntur

175 4295 230 4351 ea
241 4330 262 4373 ,
319 4271 378 4349 uae'
403 4295 472 4350 acc
524 4292 562 4353 ta
583 4271 668 4356 suut
685 4266 733 4353 ⁶⁴.
772 4272 868 4354 Oris
891 4290 1055 4381 utraque
1079 4294 1126 4371 err
1148 4288 1263 4379 parte·
1277 4264 1440 4351 tonsillas
1466 4267 1584 4352 attin-

290 4298 411 4465 ‘le
448 4294 522 4465 led
974 4387 1011 4469 G
1040 4412 1068 4496 g
1097 4412 1124 4496 g
1153 4410 1179 4495 g
1461 4386 1584 4494 ,gens‚'

220 4600 280 4697 34ss
302 4619 411 4709 Accepta
423 4625 489 4705 fitur
509 4649 519 4688 ε
537 4628 595 4691 oris
608 4648 760 4709 serraquaex
772 4632 871 4712 parre]
910 4607 1041 4707 arrogem
1068 4627 1124 4689 &o
1169 4624 1209 4684 Er
1227 4624 1266 4685 ita
1286 4621 1437 4703 legerim,
1457 4628 1584 4705 quamvis

169 4703 336 4766 Manutius
360 4710 392 4767 ὃ(
413 4708 571 4773 Lambinus
590 4710 725 4785 edidere,
747 4732 805 4792 qua
827 4730 872 4768 ae*
912 4707 1084 4779 victoriani,
1109 4704 1288 4774 Gruterum,
1313 4702 1453 4783 nostrique
1474 4708 1584 4770 codices

166 4803 253 4871 cepta
257 4786 334 4868 stur
355 4807 414 4851 ote.
450 4792 479 4851 Is
493 4813 604 4877 raraque
619 4815 650 4855 ex
666 4790 745 4876 parre
763 4788 874 4872 rorfillar
912 4794 1055 4873 irecepn
1073 4786 1195 4854 rectione
1212 4806 1273 4853 nort
1290 4788 1399 4849 abeant
1417 4788 1526 4851 Datus
