4259 5592
647 415 1161 554 Luoosuus·
1547 503 1596 583 Β

215 651 259 738 sl
276 647 319 736 id
337 643 647 750 tantimodis,
667 669 713 734 ut
727 661 881 742 taceasr
912 646 1005 733 nihil
1031 648 1247 762 assequeris.
1291 649 1402 781 Qrid
1429 652 1533 737 euim
1557 637 1610 736 ad

216 765 353 866 illum,
374 765 444 876 qui
467 784 506 848 te
530 784 683 874 captare
708 761 811 866 vult,
836 765 969 846 utrum
999 785 1194 848 tacentem
1213 765 1352 853 irretiat
1376 789 1440 870 te,
1453 795 1516 856 an
1548 766 1613 851 lo-

216 876 445 994 quentem}
473 875 540 962 Sin
561 897 689 968 autem
713 875 834 990 usque
859 877 910 961 ad
932 903 1112 979 novem,
1127 877 1235 963 verbi
1258 880 1404 991 gratii,
1430 881 1507 964 fine
1532 879 1612 965 du-

215 994 409 1089 bitatione
432 986 640 1102 respondes
660 1016 786 1102 pauca
806 993 910 1098 esse,
935 995 976 1076 in
998 991 1155 1079 decimo
1171 995 1472 1082 insistisr'etiam
1490 999 1616 1080 acer-

216 1108 266 1194 tis
287 1110 328 1192 δι
346 1099 605 1190 illusisioribus
628 1100 790 1189 cohibes
813 1108 1010 1193 assensum
1039 1113 1134 1192 Hoc
1150 1107 1256 1192 idem
1279 1137 1344 1192 me
1373 1115 1413 1195 in
1441 1104 1617 1194 obscuris

218 1221 350 1306 facere
378 1245 461 1305 non
485 1217 604 1302 finis?
624 1217 732 1304 Nihil
755 1219 873 1334 igitur
898 1247 938 1308 te
963 1245 1102 1308 contra
1126 1224 1256 1309 soritas
1279 1252 1338 1307 ars
1354 1226 1420 1308 ista
1434 1220 1611 1335 adjuvat:

216 1363 305 1450 qua
331 1359 405 1418 nec
429 1336 613 1443 augenti,
633 1360 706 1420 nec
725 1337 942 1441 minuenti,
970 1336 1069 1451 quid
1082 1359 1149 1423 aut
1171 1336 1400 1451 primumsrt
1412 1401 1426 1442 ,
1451 1360 1519 1421 aut
1532 1366 1614 1450 po-

218 1451 425 1554 stremum,
450 1446 582 1533 docet.
802 1497 804 1502 ·
1265 1543 1271 1552 ¹

277 1561 416 1684 Qid,
443 1560 558 1676 qubd
581 1561 720 1646 eadem
740 1562 900 1670 linars,
921 1567 1028 1680 quasi
1049 1566 1248 1679 Penelope
1268 1567 1387 1653 telam
1409 1586 1614 1669 retexens,

219 1675 387 1792 tollit'gad
405 1699 622 1764 extremum
651 1677 881 1790 superiora?
908 1677 1042 1766 urrirm
1068 1708 1113 1766 ea
1137 1683 1286 1786 vestra,
1308 1712 1359 1768 an
1385 1682 1514 1778 nostra
1528 1677 1616 1764 cul-

218 1821 272 1908 pa
286 1793 543 1904 aurumne
557 1789 853 1881 fundamentum
875 1793 1081 1892 dialceticae
1100 1796 1182 1901 est,
1205 1795 1404 1911 quidquid
1431 1797 1612 1892 enuntie-

218 1932 284 1995 tur
305 1907 380 2020 (id
404 1906 765 2021 autemappellatur
784 1908 951 2012 αξίωμαε
983 1909 1099 2026 quod
1116 1915 1171 1994 est
1193 1911 1300 2025 quasr
1322 1909 1518 2018 effatum)
1545 1931 1614 1996 aut

215 2051 357 2108 verum
381 2022 482 2125 ess'e,
510 2043 576 2107 aut
597 2019 737 2112 falsum.
769 2022 879 2143 Qud
900 2022 1050 2136 igitur?
1077 2027 1162 2110 hac
1177 2054 1291 2130 vera,
1310 2055 1361 2112 an
1386 2025 1472 2111 salsa
1491 2028 1614 2111 fiant?

216 2141 258 2223 Si
281 2160 320 2223 te
342 2139 492 2224 mentiri
515 2133 636 2222 dicis:
664 2135 782 2250 idque
809 2164 949 2224 verum
973 2139 1094 2226 dicis:
1116 2140 1302 2242 mentiri,
1331 2165 1470 2223 verum
1504 2138 1613 2222 dicis.

217 2257 321 2338 Haec
333 2251 468 2338 scilicet
486 2248 766 2362 inexplicabilia
782 2253 822 2294 ⁹⁴
835 2252 911 2336 else
930 2251 1081 2340 dicitis:
1097 2250 1211 2365 quod
1227 2252 1284 2336 est
1302 2250 1478 2336 odiofius
1492 2255 1615 2366 quun

220 2363 283 2451 illa
333 2393 420 2478 qua
443 2391 515 2453 nos
536 2363 857 2479 incomprehensa
880 2367 921 2450 &
940 2395 1024 2452 non
1050 2389 1233 2479 percepta
1257 2365 1439 2452 dicimus.
1560 2456 1574 2476 x

278 2429 354 2564 sed
378 2483 463 2564 haec
477 2476 630 2566 omitto.
658 2478 752 2586 lllud
775 2507 930 2593 quaro,
956 2481 984 2564 sr
1007 2480 1077 2566 ista
1100 2479 1278 2592 explicari
1311 2509 1395 2566 non
1423 2479 1614 2593 possunt,
1627 2502 1688 2520 '¹'

217 2620 292 2678 nec
319 2621 458 2680 eorum
481 2592 602 2677 ullum
629 2593 820 2708 judicium
845 2593 1071 2699 invenitur,
1098 2614 1144 2679 ut
1175 2593 1408 2708 respondere
1446 2597 1589 2708 poffitis
1601 2659 1615 2699 ,
1631 2563 1690 2646 3⁰

217 2713 362 2796 verane
383 2738 435 2792 an
461 2706 547 2794 falsa
565 2708 658 2796 srnt:
681 2707 751 2796 ubi
770 2709 825 2792 est
843 2707 906 2793 illa
929 2707 1138 2812 definitio,
1162 2709 1334 2822 Effltum
1362 2708 1424 2816 effe
1436 2712 1500 2812 id,
1515 2710 1619 2823 quod

221 2847 295 2904 aut
325 2851 461 2906 voum
476 2885 489 2926 ,
507 2847 580 2904 aar
587 2821 737 2930 fhlsum
747 2823 829 2931 fit?
856 2823 983 2908 Rebus
1006 2822 1198 2935 sumptis,
1222 2823 1461 2935 adjungam,
1480 2850 1529 2906 ex
1555 2826 1615 2906 his

222 2936 436 3051 sequendas
461 2940 539 3022 ess‘e
566 2937 654 3024 alias
669 2938 785 3043 ,alias
797 2936 1100 3048 improbandas,
1119 2965 1206 3049 qua
1224 2939 1296 3022 fint
1307 2941 1349 3020 in
1359 2964 1504 3049 genere
1515 2965 1618 3022 con-

221 3055 351 3138 trario.
382 3057 480 3170 Quo
502 3051 630 3137 modo
655 3057 772 3166 igitur
795 3053 878 3136 hoc
907 3051 1133 3138 conclusum
1156 3054 1231 3137 else
1251 3050 1398 3164 judicas
1422 3056 1446 3135 2
1458 3058 1496 3139 Si
1519 3050 1617 3138 dicis

222 3194 329 3251 nunc
355 3165 510 3270 lucere,
533 3167 573 3252 δι
597 3193 735 3253 verum
756 3165 878 3252 dicis:
907 3165 1017 3252 lucet.
1051 3162 1160 3251 Dicis
1181 3190 1313 3252 autern
1323 3165 1452 3252 lucere
1467 3230 1480 3271 ,
1494 3167 1623 3253 &ve-

206 3281 313 3365 ¹rum
337 3278 446 3364 dicis.
473 3284 595 3368 Lucet
604 3285 730 3393 igitur.
760 3279 936 3367 Probaris
959 3283 1060 3367 certe
1080 3307 1204 3394 genus
1212 3283 1288 3385 ,281
1305 3283 1502 3366 rebliffime
1510 3312 1617 3367 eon·-

223 3393 372 3482 clusum
383 3392 521 3488 dicitis.
549 3401 684 3508 ltaque
701 3400 741 3478 in
756 3395 942 3483 docendo
955 3423 1045 3480 eum
1065 3395 1236 3507 primum
1247 3393 1510 3479 concludendi
1523 3427 1615 3481 mo-

224 3510 324 3595 dum
347 3506 502 3592 traditis·
531 3517 637 3612 Aut,
652 3508 852 3624 vquidquid
874 3510 990 3621 igiteu
1014 3508 1303 3595 eodemmodo
1338 3510 1616 3613 concluditur,

223 3617 461 3740 probabitis3
480 3645 548 3709 aut
565 3651 623 3708 ars
642 3625 709 3708 ista
735 3624 835 3710 nulla
857 3626 920 3708 est
935 3623 1042 3709 Vide·
1061 3651 1187 3736 ergo,
1202 3627 1303 3709 hanc
1322 3624 1619 3711 conclusionem

223 3733 508 3852 probaturusne
534 3738 605 3826 fis:
627 3742 666 3823 Si
690 3737 790 3824 dicis
807 3762 845 3826 te
869 3738 1052 3844 mentiri,
1074 3745 1292 3853 veniasque
1317 3734 1438 3825 dicis:
1470 3737 1620 3821 menti··

225 3853 287 3938 ris
311 3851 422 3938 Dicis
448 3870 578 3936 autem
605 3871 643 3937 te
669 3854 858 3958 mentiri,
883 3858 1104 3968 verumque
1137 3852 1245 3940 dicis.
1284 3853 1458 3940 Mentiris
1485 3855 1620 3962 igiturv

229 3969 310 4164 {uri
331 3988 449 4076 potes
469 3967 572 4054 hanc
590 3995 674 4053 non
697 3964 896 4081 probare,
918 3961 1012 4053 clun
1030 3966 1255 4080 probaveris
1278 3965 1444 4080 ejusdem
1462 3972 1620 4076 generis·-

246 4109 272 4164 u
322 4079 501 4166 riorem?

272 4106 381 4278 Ρὶεἰεο
400 4195 645 4309 Chrysippea
668 4199 777 4301 sunt,
802 4224 854 4283 ne
889 4197 938 4283 ab
965 4197 1049 4308 ipso
1073 4192 1237 4308 quidem
1270 4191 1460 4276 dissoluta
1501 4189 1618 4313 Quies

225 4310 339 4394 ‚enim
361 4307 500 4396 faceret
522 4312 615 4400 huic
630 4313 893 4405 conclusroni?
911 4311 1086 4416 Silaces,
1107 4315 1215 4394 lucet.
1243 4311 1360 4391 Lucet
1374 4330 1514 4393 aurem.
1527 4309 1640 4393 Lm
1671 4376 1675 4382 .

1028 4430 1066 4506 G
1106 4457 1130 4530 ς
1557 4445 1618 4508 cet

229 4617 290 4690 Ego
304 4620 394 4708 eain,
409 4636 439 4676 ut
452 4620 852 4709 qiraroecallr'dusfflriusqacim
870 4623 904 4680 ad
924 4607 1454 4713 'placeruavifiarecreelevquidem¹
1538 4697 1546 4708 .
1608 4648 1615 4710 '.

214 4694 427 4776 firmvenrat,
442 4721 519 4783 eqaas
534 4701 677 4765 sustinebit
688 4705 783 4784 msto
795 4703 902 4765 me&c.
976 4720 1026 4771 94·
1047 4695 1254 4778 rnespltcabalu]
1277 4704 1378 4772 Ambe
1410 4695 1492 4763 Vade
1508 4699 1622 4778 Droga*
1710 4729 1732 4738 ··

226 4778 322 4835 Iussa„
898 4807 904 4818 ¹
939 4801 1005 4840 nem
1014 4777 1161 4839 Lassrtiurn
1175 4797 1242 4837 vra.
1261 4784 1307 4837 82.
1323 4779 1359 4840 δι
1374 4778 1509 4844 Gellium
1518 4784 1620 4858 VM*

270 4873 324 4937 a·
341 4857 494 4945 Perseu-
508 4860 790 4949 suesanus·
815 4865 906 4950 uuor
927 4864 991 4941 us
1004 4862 1319 4945 rsuram:
