4259 5592
458 433 785 586 urunt
841 435 1282 588 Q'U1NTUS·
1497 464 1608 569 ,ao

212 712 233 753 „
270 623 515 746 Aequicum
569 628 849 718 amatores
875 624 994 716 tumr
1021 627 1222 732 mitram
1244 626 1459 718 teutones
1475 593 1681 769 autmfg

210 744 333 884 vitam
351 743 521 831 efficiant
540 659 721 882 beatam
740 742 1085 881 duplsxpueratio
1104 742 1401 938 perturbationis
1414 744 1479 850 stt,
1493 747 1608 861 qubd

209 859 1121 1088 stlitlmlsf‘bllqtltltltl’clm
1135 882 1607 1063 lllllllesltll}

209 1086 293 1174 silio
313 1087 352 1173 8(
372 1089 521 1174 ratione
545 1109 754 1203 pugnent:
785 1091 843 1174 his
866 1111 909 1172 tu
933 1107 1013 1171 tam
1034 1087 1217 1202 gravibus
1248 1087 1604 1196 concitationibus,

208 1207 372 1315 tsmque
396 1204 483 1315 ipsis
504 1207 603 1289 inter
624 1203 660 1289 se
687 1196 993 1289 dissentientibus
1017 1225 1136 1316 atque
1154 1202 1368 1308 distractis,
1397 1233 1518 1318 quem
1536 1233 1607 1291 va·

208 1345 358 1423 cuum,
380 1315 578 1422 solutum,
597 1315 761 1404 liberum
780 1315 946 1421 videris,
970 1317 1078 1401 hunc
1095 1315 1292 1405 dubitabis
1316 1317 1473 1404 beatum
1496 1321 1607 1406 dice·

207 1435 282 1517 re?
309 1435 433 1546 Atqui
461 1432 608 1546 sapiens
628 1432 776 1546 semper
797 1437 853 1530 ita
878 1431 1038 1516 affeetus
1053 1431 1119 1517 est
1146 1440 1308 1544 Semper
1326 1434 1445 1548 igitur
1458 1437 1607 1550 sapiens
1655 1481 1668 1488 -

163 1553 167 1564 '
209 1547 346 1633 beatur
365 1547 430 1632 est.
458 1551 581 1662 Atqui
600 1552 715 1636 etiam
735 1575 855 1636 omne
875 1547 1030 1632 bonum
1060 1544 1217 1634 laetabile
1241 1549 1320 1636 est:
1344 1549 1460 1664 quod
1476 1573 1607 1638 autem

209 1659 397 1766 laetabile,
414 1657 455 1745 id
479 1662 773 1777 praedicandum
804 1665 947 1774 &prae
969 1660 1006 1746 se
1030 1660 1260 1750 serendum:
1288 1662 1403 1777 quod
1428 1665 1501 1750 tale
1534 1694 1608 1752 au·

209 1796 318 1882 tem,
341 1775 383 1861 id
403 1780 518 1862 etiarn
549 1776 772 1892 gloriosum
800 1782 840 1864 si
854 1781 949 1863 verb
978 1776 1219 1888 gloriosum,
1254 1781 1358 1866 certe
1389 1776 1604 1870 laudabile:

32 1930 37 1981 τ
163 1997 186 2006 λ,
210 1892 326 2006 quod
345 1914 474 1978 autem
493 1891 705 1998 laudabile,
719 1893 900 2007 profesio
923 1889 1039 1978 etiarn
1065 1894 1298 1980 honestum:
1316 1890 1431 2007 quod
1450 1893 1606 1981 bonum

207 2011 349 2122 igitur,
377 2004 420 2094 id
445 2007 665 2094 honestum.
691 2016 744 2096 At
766 2037 853 2122 quae
874 2010 929 2091 isti
948 2007 1055 2094 bona
1081 2031 1313 2111 numerant,
1340 2035 1391 2092 ne
1419 2010 1489 2124 ipsr
1511 2015 1605 2123 qui.

208 2123 303 2208 dem
330 2122 492 2208 honesta
523 2120 671 2230 dIcunt·
710 2121 846 2210 Solum
880 2125 999 2236 igitur
1027 2119 1210 2232 bonum,
1238 2121 1354 2234 quod
1383 2122 1602 2212 honestem

209 2241 269 2324 Ex
295 2267 381 2352 quo
402 2236 593 2342 efficitur,
620 2237 822 2324 honestate
847 2239 1064 2322 univiram
1090 2235 1285 2324 contineri
1310 2236 1474 2322 beatam
1503 2243 1603 2352 Njon

207 2351 295 2435 sunt
322 2354 440 2466 igitur
460 2379 506 2438 ea
526 2351 635 2440 bona
656 2350 848 2459 dicenda,
872 2380 947 2439 nec
957 2348 1158 2457 habenda,
1179 2351 1324 2465 quibus
1335 2349 1603 2442 abundantem

208 2465 296 2552 licet
320 2467 398 2552 esst
417 2467 677 2554 miserrImum
1092 2513 1098 2523 ·

263 2587 328 2668 An
353 2580 535 2687 dubitas,
565 2589 662 2695 quin
676 2585 855 2699 praestans
877 2580 1099 2668 valetudine
1112 2645 1126 2686 ,
1140 2577 1313 2686 vitibus,
1331 2577 1480 2687 sormi,
1493 2609 1603 2672 acer-

208 2699 312 2782 'rimis
331 2698 655 2814 integerrimlsque
679 2698 875 2800 sensibus,
906 2695 1037 2808 (adde
1064 2700 1204 2802 etiam,
1231 2692 1395 2801 silibet,
1430 2701 1601 2812 pernici-

207 2833 325 2898 tatem
349 2815 389 2900 8(
409 2812 676 2919 velocitatem,
689 2814 742 2900 da
755 2812 907 2901 divitias
921 2875 934 2916 ,
949 2813 1151 2917 honores,
1170 2811 1358 2927 imperia,
1379 2811 1601 2926 opes,glo·

209 2929 337 3037 riam)
361 2927 526 3017 siluerit
551 2933 609 3036 is,
637 2935 707 3044 qui
741 2931 826 3016 haec
849 2923 993 3035 habet,
1020 2927 1180 3040 injustus
1192 2990 1206 3034 ,
1230 2932 1517 3044 intemperans,
1534 2931 1602 3025 ‘ti-

207 3040 361 3148 midus,
391 3043 521 3130 hebeti
544 3046 704 3159 ingenio
729 3065 849 3160 atque
871 3042 978 3131 nulo
1001 3074 1012 3130 ε
1039 3041 1282 3130 dubitabisne
1306 3071 1400 3130 eum
1422 3040 1603 3150 miserum

41 3147 45 3160 ’
151 3157 156 3258 J
208 3153 383 3243 dicere?
409 3157 548 3277 Qualia
571 3163 688 3274 igitur
707 3159 776 3245 ista
799 3159 905 3246 bona
928 3158 1039 3264 sunt,
1059 3185 1149 3272 quae
1180 3158 1253 3271 qui
1276 3157 1417 3244 babeat
1429 3221 1444 3264 ,
1469 3155 1601 3242 unser.

209 3270 328 3358 rimus
348 3274 424 3358 elle
446 3273 584 3386 possit?
606 3273 843 3378 Videamus,
860 3300 936 3376 ne,
956 3296 1001 3360 ut
1024 3297 1186 3360 acervus
1199 3300 1250 3356 ex
1270 3275 1326 3358 sui
1343 3298 1496 3388 genens
1507 3291 1601 3387 gra·

208 3387 293 3494 nis,
311 3384 362 3474 src
382 3387 493 3482 beata
513 3391 592 3473 vita
614 3415 663 3474 ex
686 3390 742 3475 sui
771 3385 953 3472 similibus
999 3385 1145 3476 artibus
1171 3386 1275 3472 effici
1297 3384 1450 3474 debeat.
1471 3383 1599 3504 Qod

206 3503 303 3590 stira
327 3503 404 3590 est:
421 3531 470 3586 ex
484 3502 622 3609 bonis,
647 3529 737 3616 quae
762 3499 839 3587 sola
858 3419 1020 3589 bonella
1042 3505 1127 3589 sunt
1138 3563 1153 3605 ,
1166 3501 1419 3589 efficiendum
1434 3503 1489 3588 est
1505 3500 1599 3588 bea·

147 3619 151 3627 ’
208 3639 305 3706 tum.
334 3624 387 3704 Ea
410 3622 530 3704 mixta
548 3645 596 3706 ex
622 3616 857 3706 dissimilibus
878 3619 906 3701 st
931 3640 1067 3724 erunt,
1098 3617 1306 3706 honestum
1333 3645 1384 3704 ex
1411 3619 1471 3702 his
1496 3617 1600 3732 effici

207 3732 302 3824 nihil
329 3737 484 3850 poterit.
514 3740 613 3855 Quo
638 3733 839 3839 detracto,
864 3733 962 3847 quid
987 3737 1132 3846 poten‘t
1153 3731 1314 3819 beatum
1331 3729 1486 3846 intelligi
1500 3744 1514 3824 ἓ
1527 3735 1601 3817 Et·

907 3851 950 3935 N
978 3878 1005 3932 n
1034 3879 1063 3932 n
1121 3877 1144 3937 2
1491 3849 1598 3935 enim

206 4033 1587 4066 w

206 4091 335 4171 agimus,
353 4093 420 4154 loco
440 4114 449 4153 :
469 4093 520 4155 ubi
536 4091 606 4153 nihil
618 4091 658 4154 est
675 4091 805 4161 illarum,
820 4109 887 4168 qua-
912 4108 947 4150 va
965 4086 1031 4156 lux,
1050 4085 1175 4164 opinor,
1193 4081 1327 4146 exoritur.
1365 4085 1408 4143 Ita
1424 4079 1519 4143 nostor
1538 4082 1597 4142 hoe

204 4191 272 4232 rum
290 4172 435 4246 diximus,
450 4175 658 4237 conditionum.
690 4175 754 4234 Hoc
773 4169 886 4232 enims
913 4168 973 4248 ipso
988 4168 1063 4228 libro
1077 4180 1196 4243 caprr.
1226 4163 1385 4254 Dicantilla‘
1408 4165 1537 4243 pridem.-
1548 4163 1597 4256 sad

205 4253 313 4332 ubique
330 4253 443 4328 liceret,
464 4255 558 4319 omnis
578 4253 673 4317 Latini
689 4252 823 4316 samonis
845 4273 886 4312 ra-
915 4253 956 4311 his
972 4249 1060 4311 vitam
1079 4249 1192 4309 beatam
1207 4244 1349 4322 compleri
1367 4263 1473 4340 negant.
1493 4245 1597 4305 Derr-

204 4333 247 4396 tio
264 4337 443 4419 &analogia
464 4337 549 4419 plani
567 4345 778 4417 perverteretur.
809 4333 888 4409 Quid
916 4331 997 4393 nibus
1019 4333 1072 4422 Ill.
1097 4348 1124 4421 3.
1152 4328 1194 4387 [lli
1216 4330 1287 4386 enim
1318 4341 1429 4408 corporis
1457 4327 1597 4422 commodis

204 4416 340 4560 pirgoslper
360 4415 371 4479 l
392 4439 440 4545 apt
466 4421 654 4562 quobtanplelrp
673 4419 760 4511 pallo·
773 4416 820 4534 hio
837 4436 888 4509 no
915 4412 1055 4555 ppmplep
1080 4407 1597 4554 vtltlapirpe²1¹>¹eapplt11zp'utappetmttpllrtmttlp¹

204 4517 259 4658 pb1⁵
258 4503 493 4644 miridblirmlisi
495 4521 583 4644 illud
596 4520 700 4662 corripite
716 4517 888 4657 arpos-31¹3
916 4515 1112 4656 begieifflli,
1201 4570 1313 4648 expleta
1319 4567 1357 4648 fit
1372 4507 1493 4629 omnium
1510 4571 1596 4666 resep,

205 4661 243 4722 sic
267 4665 511 4726 emendandum:
532 4667 578 4723 An
606 4663 715 4724 rabam
740 4659 792 4738 ql,
822 4679 888 4742 qm
917 4677 985 4741 qaas
1005 4673 1103 4718 norm
1144 4652 1262 4733 sidem,
1284 4649 1376 4712 ἂν.
1395 4669 1440 4728 ¹3·
1461 4655 1503 4713 Ea
1524 4671 1598 4711 erm

206 4743 323 4824 nilrilfit
349 4747 496 4807 habendum
522 4749 552 4806 in
573 4765 602 4806 eo
625 4761 737 4824 genere,
757 4745 891 4819 quovita
919 4731 1355 4823 vinemquaeffiam
1375 4732 1597 4818 rorpnssquexe

204 4825 280 4890 brata
304 4827 466 4912 completur
484 4825 497 4890 ἓ
516 4823 597 4906 Quid
615 4841 692 4890 nunc
702 4817 893 4889 videtrulno
919 4819 995 4908 plera
1017 4819 1168 4898 rimabar.
1188 4817 1373 4896 Bermion
1520 4839 1525 4848 ·
1591 4833 1596 4853 ¹
