4259 5592
553 438 634 517 μ,
851 396 1652 499 ruscuuannaun

729 591 990 707 Mederspffe
1013 594 1198 679 rariorum
1211 596 1463 705 ”namin

554 708 778 825 respondit,
1124 724 1130 735 ’
1269 770 1274 776 -
1466 730 1549 745 ··

573 865 578 872 ’
667 833 672 840 ’
727 824 945 932 Siquidem
970 831 1040 942 qui
1063 826 1313 940 tempcffivam
1333 826 1554 911 medicinam
1576 828 1804 934 adnuerem,

557 966 560 972 ’
726 940 813 1026 Non
833 942 890 1021 ad
904 946 1126 1057 grarajiens
1144 945 1288 1025 vulnus
1302 942 1434 1025 illidat
1450 972 1600 1027 manus.

479 1116 538 1136 ..
608 1046 689 1137 Erit
714 1054 834 1169 igitur
859 1060 898 1140 in
931 1059 1265 1147 consolationibus
1297 1062 1421 1172 prima
1448 1056 1667 1162 medicina,
1696 1056 1844 1144 docere
1880 1088 1946 1148 aut
2003 1084 2005 1089 ·

483 1212 532 1290 32
551 1166 697 1253 nullum
724 1170 867 1255 malum
884 1174 987 1277 esse,
1010 1197 1078 1258 aut
1095 1173 1318 1259 admodum
1339 1202 1526 1287 parvum:
1547 1172 1686 1279 altera,
1707 1176 1747 1261 dt
1765 1173 1819 1257 de
1835 1204 1949 1262 com-

550 1280 663 1367 muni
677 1284 706 1329 ³³
725 1285 957 1373 conditione
984 1292 1097 1395 vita,
1118 1290 1156 1375 bt
1184 1289 1371 1402 proprie,
1400 1288 1427 1373 st
1448 1285 1545 1401 quid
1568 1288 1613 1374 srt
1634 1288 1687 1373 de
1704 1292 1853 1402 ipsius,
1881 1292 1948 1401 qui

549 1423 738 1504 moereat,
759 1399 1062 1515 disputandum:
1089 1408 1228 1507 tertia,
1259 1406 1447 1487 summam
1479 1402 1556 1486 esse
1588 1404 1782 1491 stultitiam
1814 1404 1948 1509 liulbti

548 1510 695 1601 confici
714 1542 912 1622 moerore,
933 1523 1030 1603 cum
1050 1518 1233 1631 intelligas
1259 1516 1353 1602 nihil
1372 1518 1483 1631 posse
1496 1521 1649 1629 profici.
1672 1524 1787 1607 ‘Nam
1799 1520 1946 1606 Clean-

549 1628 635 1715 thes
660 1626 821 1754 quidem
846 1630 1054 1747 sapientem
1080 1633 1321 1721 consolatur:
1347 1636 1417 1745 qui
1447 1632 1714 1721 consolatione
1740 1664 1826 1722 nou
1848 1662 1945 1751 eget.

549 1740 658 1870 Nihil
678 1747 784 1829 enim
804 1747 880 1832 etse
902 1749 1073 1855 malum,
1096 1746 1211 1865 quod
1234 1771 1347 1861 turpe
1368 1747 1540 1851 nonsit,
1563 1749 1591 1832 st
1618 1749 1766 1864 lugenti
1788 1756 1946 1863 peritn-

549 1854 637 1943 serrs
649 1921 663 1963 ,
684 1888 767 1944 non
788 1886 833 1949 tu
848 1861 898 1946 illi
925 1864 1100 1971 suanm,
1124 1861 1189 1949 sed
1212 1861 1405 1949 stultitiam
1430 1860 1648 1951 detraxeris
1679 1864 1859 1956 Alienum
1877 1896 1948 1953 aus

549 1991 629 2057 tem
656 1996 810 2087 tempus
835 1975 1020 2067 docendi.
1063 1985 1110 2066 Et
1138 2001 1267 2064 tamen
1293 1975 1482 2063 nonsatis
1506 1981 1602 2063 mihi
1626 1978 1777 2067 videtur
1802 1980 1948 2067 rvidisse

550 2088 632 2174 boc
653 2089 882 2197 Cleanthes,
905 2094 1038 2211 suscipi
1061 2092 1278 2207 aliquando
1299 2090 1568 2204 egritudinem
1588 2096 1699 2202 posse
1714 2120 1762 2179 ex
1777 2123 1828 2181 eo
1841 2098 1945 2208 ipso,

549 2202 665 2403 ppod
693 2208 771 2292 else
794 2203 986 2295 sutnmum
1017 2207 1163 2295 malum
1184 2204 1393 2293 Cleanthes
1412 2206 1492 2319 ipse
1512 2207 1686 2295 fateatur.
1714 2208 1825 2335 Qld
1839 2215 1945 2297 enim

581 2315 726 2406 ‘cemus
738 2384 752 2427 ,
778 2317 870 2408 clam
899 2329 1075 2411 Socrates
1106 2318 1294 2409 Alcibiadi
1317 2321 1574 2435 persuasisset,
1611 2346 1656 2408 ut
1693 2330 1917 2438 accepimus
1926 2390 1944 2432 .,

549 2456 645 2521 eum
668 2436 761 2521 nihil
791 2436 961 2524 hominis
983 2442 1086 2544 eisc,
1112 2464 1185 2523 nec
1207 2435 1427 2552 quidquam
1438 2437 1538 2523 inter
1560 2435 1801 2525 Alcibiadem
1818 2441 1947 2545 ,sum-

548 2576 620 2635 mo
645 2548 739 2637 loco
764 2552 927 2657 natum,
949 2556 988 2641 bt
1009 2551 1189 2670 quemvis
1209 2550 1378 2665 bajulum
1391 2552 1583 2639 interesse:
1600 2556 1695 2639 ctlm
1719 2554 1756 2639 se
1776 2554 1944 2642 Alcibia-

549 2663 620 2751 des
639 2665 838 2754 afflidaret
850 2731 864 2773 ,
890 2668 1184 2787 lacrymansque
1201 2672 1347 2755 Socrati
1372 2667 1532 2781 supplex
1556 2668 1673 2775 esset,
1695 2694 1742 2758 ut
1770 2669 1841 2754 srbi
1867 2675 1945 2756 vira

549 2802 674 2869 tutem
707 2781 903 2890 traderet,
938 2784 1300 2901 turpitudinemque
1332 2782 1565 2897 depelleret:
1594 2783 1693 2896 quid
1717 2782 1942 2887 dicemus,

548 2895 763 2990 Cleanthe?
779 2927 875 2984 num
894 2899 1008 2987 inilia
1028 2927 1089 3003 re,
1132 2930 1192 2987 ua
1216 2895 1442 3013 egritudine
1461 2894 1703 2985 Alcibiadem
1722 2895 1941 3004 afficiebat,

473 3047 477 3053 ·
549 3014 639 3101 mali
659 3013 753 3100 nihil
776 3014 1076 3135 suisse.2Q1id?
1097 2930 1155 3101 illa
1180 3012 1352 3130 Lyconis
1372 3010 1497 3127 qualia
1520 3014 1630 3103 smrt‘?
1654 3018 1725 3129 qui
1747 3014 1944 3129 agritudi-

549 3158 640 3216 nem
659 3154 898 3234 extenuans,
924 3134 1049 3247 parvis
1068 3130 1120 3217 ait
1138 3158 1224 3215 eam
1249 3126 1362 3215 rebus
1388 3132 1570 3233 moveri,
1596 3128 1763 3215 fortunae
1786 3132 1827 3215 bt
1855 3154 1945 3217 cor-

549 3243 969 3363 porisincommodis,
994 3274 1077 3332 non
1102 3246 1222 3331 animi
1247 3246 1363 3329 malis.
1393 3241 1505 3367 Qid
1528 3270 1624 3357 ergo
1637 3246 1660 3327 2
1677 3243 1798 3349 illud,
1823 3244 1937 3355 quod

548 3361 765 3451 Alcibiades
790 3356 968 3465 dolebat,
993 3390 1077 3449 non
1100 3391 1149 3448 ex
1173 3359 1290 3446 animi
1318 3360 1424 3447 ntalis
1447 3358 1618 3473 vitiisque
1635 3357 1860 3451 constabat?
1880 3359 1941 3447 Ad

548 3482 705 3594 Epicuri
723 3475 1029 3565 consolationem
1054 3478 1137 3563 satis
1160 3481 1211 3562 eli
1228 3476 1317 3579 ante
1343 3474 1505 3587 dicium.

478 3630 536 3648 ··-
604 3600 668 3681 Ne
695 3592 754 3679 illa
774 3591 937 3707 quidem
952 3592 1168 3679 consolatio
1183 3590 1387 3679 firmissima
1409 3588 1491 3695 est,
1514 3590 1806 3704 quanquam&
1827 3591 1942 3677 usrta-

481 3694 528 3775 33
546 3729 584 3796 ta
606 3708 661 3793 est
674 3772 689 3815 ,
715 3708 754 3794 &
778 3710 874 3819 sape
907 3708 1089 3822 prodest:
1110 3716 1207 3795 Non
1223 3705 1301 3791 ribi
1321 3710 1400 3793 hoc
1424 3702 1502 3791 soli.
1546 3704 1706 3791 Prodest
1731 3706 1815 3791 bec
1852 3706 1941 3821 qui-

546 3822 664 3930 dem,
683 3846 727 3911 ut
751 3821 854 3929 dixi,
881 3824 946 3910 sed
965 3852 1038 3913 nec
1059 3822 1231 3938 semper,
1256 3850 1330 3908 nec
1358 3814 1556 3909 omnibus.
1589 3824 1688 3905 Sunt
1712 3824 1845 3927 enim,
1868 3825 1939 3937 qui

547 3939 746 4053 respuam:
776 3937 841 4025 sed
866 3942 1006 4045 refert,
1039 3970 1125 4052 quo
1157 3938 1284 4025 modo
1316 3938 1556 4025 adhibeatur.
1597 3938 1648 4020 Ut
1675 3938 1781 4019 enim
1815 3939 1940 4025 ualent

547 4054 712 4171 quisqne
733 4082 897 4164 eorum,
920 4054 990 4173 qui
1009 4054 1194 4169 sapienter
1220 4054 1425 4160 tulerunt,
1462 4080 1547 4140 non
1572 4078 1658 4165 quo
1683 4048 1941 4257 quisffin-

1714 4195 1767 4255 co
1910 4199 1939 4254 o

591 4378 636 4431 μ.
657 4364 815 4435 ΝΜ]
835 4364 1019 4435 Lambinus,
1054 4368 1218 4435 medonem,
1248 4366 1311 4425 dum
1340 4360 1406 4433 est,
1426 4358 1463 4427 ὰ
1481 4364 1663 4423 decorum·
1694 4363 1937 4424 maumam»

544 4443 835 4535 atltllsstepbanus
851 4444 999 4528 inCallig.
1020 4446 1111 4506 Cicer.
1131 4448 1219 4521 Quod
1251 4442 1338 4528 &pr
1387 4446 1408 4467 'l
1430 4448 1462 4504 de
1487 4438 1651 4505 conditione
1660 4440 1772 4584 ἅμ»
1800 4445 1847 4522 μ’
1876 4458 1938 4530 ²⁸⁶3·

544 4528 778 4604 ommooprobaa
792 4524 933 4590 auberius
952 4548 963 4598 3
981 4527 1218 4609 &nuntegmfi
1249 4544 1320 4598 rear,
1342 4524 1498 4607 aquidfir,
1515 4524 1594 4603 quod
1613 4524 1670 4587 de¹
1732 4522 1812 4603 poffit
1823 4516 1934 4612 propr-al

542 4602 658 4677 litent,
674 4608 866 4685 ediiuberena
886 4610 1052 4671 Ottvarus.
1249 4606 1389 4686 disputari.
1410 4606 1593 4669 concinnitas
1612 4606 1746 4668 orationis
1758 4626 1818 4668 non
1836 4606 1933 4683 αἰετὼ

587 4703 632 4762 53.
655 4690 739 4748 Barla
759 4695 889 4752 manni
906 4692 1154 4761 maduuaevirn
1181 4688 1217 4753 d·
1251 4688 1436 4768 aequoniam
1453 4688 1597 4768 praedia,
1614 4690 1647 4748 de
1664 4694 1816 4758 commi,
1841 4686 1932 4765 seqt»

621 4764 886 4849 “‚fiqnidfinde
905 4772 998 4854 iffa,
1025 4776 1072 4854 qai
1098 4790 1219 4843 maest,
1249 4774 1413 4855 tundepm
1441 4774 1477 4832 ic
1498 4770 1561 4832 Cic.
1582 4772 1619 4832 de
1638 4768 1815 4849 Offic1.3o.
1838 4768 1935 4831 intelli·

567 4852 572 4863 “
733 4790 1935 4937 lllocthkmtDspmu-me‚mwpqsmdoe

1875 4950 1934 4992 trra
