4259 5592
588 473 642 572 rs
901 447 963 563 'ru
1019 469 1075 556 s.
1131 461 1673 558 ctcnnours

584 663 863 779 subsequatur?
890 641 958 746 aut
980 678 1138 744 atomos
1163 647 1285 756 ullas,
1302 651 1337 738 ’ὲ
1359 650 1507 767 quibus
1531 647 1729 766 quidquid
1750 652 1981 768 efficiatur,

585 777 733 865 illarum
761 778 805 862 stt
832 769 1152 860 dismiiiimum?
1174 789 1242 852 aut
1260 768 1339 852 stne
1360 766 1489 882 aliqua
1510 789 1641 851 meme
1659 793 1742 851 rem
1760 767 1995 863 ostensem·

586 897 624 978 ci
648 893 761 1006 posse
786 886 1043 1000 praeclaram?
1069 883 1134 986 ἃ,
1153 876 1245 967 cion
1266 886 1309 967 in
1332 909 1418 968 uno
1445 877 1600 966 mturdo
1623 905 1784 972 ornatus
1808 886 1874 976 hic
1898 915 1982 978 tam

495 1085 499 1103 q
587 1010 631 1094 sit
657 1003 862 1105 mirabilis,
890 991 1213 1102 innumerabiles,
1236 999 1369 1110 sopri,
1387 995 1516 1101 ints,
1532 993 1694 1101 dextri,
1713 997 1857 1088 stnistni
1876 1035 1983 1108 ,an-

585 1127 651 1227 te,
676 1121 789 1233 post,
812 1114 907 1200 alios
933 1111 1153 1216 dissimiles,
1178 1111 1273 1198 aiios
1284 1107 1578 1225 eisdonmodi
1599 1109 1774 1199 mundos
1797 1117 1980 1227 etiem,

511 1233 516 1243 ’
583 1260 630 1322 ut
650 1263 725 1320 nos
756 1258 861 1316 nunc
884 1230 1014 1314 sumus
1038 1226 1090 1314 ad
1122 1226 1288 1330 Baitios,
1315 1225 1575 1340 nneoraqae
1598 1222 1806 1330 videmus;
1833 1233 1885 1318 fic
1915 1237 1982 1320 in·

581 1344 835 1435 numerabiles
863 1341 1019 1456 paribus
1045 1343 1087 1426 in
1111 1339 1206 1429 locis
1226 1339 1330 1446 esse,
1354 1339 1498 1426 eisdem
1532 1336 1785 1446 nomiibm,
1808 1348 1981 1434 honori-

582 1466 685 1566 bus,
710 1457 824 1544 rebus
847 1463 984 1574 gestis,
1003 1459 1195 1572 ingeniis,
1217 1454 1377 1561 formis,
1405 1451 1606 1559 cratibus,
1626 1454 1769 1540 eisdem
1789 1459 1841 1544 de
1861 1461 1980 1550 rebus

413 1671 416 1677 ,
582 1576 857 1689 disputantes?
882 1575 1001 1678 &,s1
1026 1599 1157 1676 nunc,
1186 1572 1299 1656 autst
1325 1576 1440 1657 etiam
1465 1567 1703 1656 dormientes
1726 1571 1875 1686 ainuid
1885 1576 1976 1660 ani..

582 1715 653 1792 mo
677 1688 809 1773 videre
830 1687 1031 1773 videamur
1055 1749 1069 1791 ‚
1100 1685 1287 1802 imagines
1308 1684 1538 1772 extrinsecus
1572 1689 1615 1769 in
1639 1690 1794 1774 animos
1821 1689 1979 1778 nostros

583 1833 655 1920 per
676 1831 820 1914 corpus
846 1804 1095 1915 irrumpere?
1197 1910 1202 1917 .

586 1971 589 1978 ·
643 1922 709 2004 Tu
732 1918 826 2003 vero
847 1915 915 2000 isia
941 1943 992 2001 ne
1014 1913 1226 2018 adsciveris,
1235 1914 1335 2008 nere
1351 1913 1468 2000 meris
1488 1912 1763 2001 commentitiis
1782 1915 1898 2004 rebus
1916 1921 1976 2004 as-

584 2032 720 2124 sensus.
749 2029 856 2115 Nihii
884 2032 1016 2116 sentire
1035 2029 1091 2114 est
1108 2029 1270 2134 melius,
1296 2033 1419 2143 quim
1447 2051 1532 2114 tam
1555 2058 1675 2142 prava
1700 2029 1849 2118 sentire.
1875 2039 1978 2119 Non

583 2147 680 2262 ergo
701 2144 743 2230 id
760 2149 911 2272 agitur,
937 2167 981 2228 ut
1002 2141 1149 2258 aliquid
1171 2141 1316 2227 assensu
1336 2171 1429 2229 meo
1444 2144 1714 2284 comprobem
1744 2151 1978 2257 Qaetuvi-

582 2261 661 2366 de,
684 2287 734 2343 ne
758 2258 1006 2371 impudenter
1025 2259 1141 2342 etiam
1157 2255 1353 2370 positum,
1380 2287 1464 2344 non
1479 2258 1601 2345 solum
1613 2283 1980 2376 arroganter‚prae·
2122 2337 2124 2371 ‚

582 2377 707 2462 sertim
734 2379 830 2458 cum
856 2373 924 2457 ista
941 2395 1009 2459 tua
1025 2375 1122 2457 mihi
1137 2397 1188 2454 ne
1218 2367 1434 2483 probabilia
1455 2372 1617 2486 quidem
1642 2371 1858 2459 videantur.
1886 2379 1979 2462 Nec

582 2492 690 2574 enim
712 2485 1018 2590 divinationem,
1043 2513 1165 2601 quam
1187 2481 1385 2599 probatis,
1403 2485 1608 2572 uliameffe
1616 2483 1804 2575 arbitror:
1827 2486 1978 2575 satum
2122 2514 2124 2573 μ

583 2631 664 2716 que
689 2599 783 2684 iliud
812 2604 928 2686 etiam
940 2663 953 2705 ,
974 2631 1060 2714 quo
1083 2602 1217 2685 omnia
1242 2599 1434 2685 contineri
1456 2599 1609 2706 dicitis,
1639 2622 1868 2687 contemno
1910 2607 1978 2692 Ne

582 2714 868 2803 exaedificatum
895 2714 1057 2829 quidem
1083 2711 1407 2800 hunc'mundum
1424 2712 1561 2800 divino
1587 2714 1749 2801 confilio
1765 2715 1978 2823 exiliimo3
2122 2698 2124 2725 Ι

582 2855 700 2946 atque
726 2830 834 2916 haud
854 2831 932 2915 scio
953 2859 1004 2915 an
1025 2834 1077 2914 ita
1100 2830 1154 2915 ut.
2122 2908 2124 2945 ἔ

639 2941 716 3029 Sed
744 2975 814 3031 cur
841 2941 971 3057 rapior
996 2943 1038 3028 itt
1063 2942 1285 3029 invidiam?
1309 2943 1464 3029 Licetne
1487 2970 1557 3057 per
1579 2971 1653 3029 vos
1675 2943 1980 3059 nescire,quod

584 3059 748 3143 nescio?
766 3066 829 3144 An
848 3057 986 3143 Stoicis
1013 3059 1099 3170 ipsis
1122 3057 1220 3143 inter
1246 3058 1282 3141 se
1305 3055 1538 3170 disceptare,
1561 3056 1658 3142 mihi
1684 3085 1777 3142 cum
1809 3063 1856 3142 its
1888 3089 1979 3163 non
2122 3048 2124 3102 Ι

581 3167 741 3258 licebit?
776 3175 932 3257 Zenoni
961 3171 1177 3288 &reliquis
1200 3171 1278 3257 sere
1309 3171 1448 3258 Stoicis
1481 3173 1597 3256 ather
1619 3170 1776 3258 videtur
1800 3171 1980 3260 stmtmus

582 3286 707 3390 deus,
734 3307 863 3370 mente
883 3283 1090 3398 preditus,
1118 3283 1197 3403 quai
1224 3291 1356 3371 omnia
1383 3307 1574 3398 regantur.
1616 3285 1826 3372 Cleanthes
1853 3349 1868 3386 ,
1903 3295 1982 3402 qui

612 3401 689 3494 uafi
708 3400 898 3507 majorum
924 3400 978 3484 est
998 3399 1175 3514 gentium
1197 3402 1384 3502 Stoicus,
1417 3403 1589 3485 Zenonis
1620 3399 1806 3503 auditor,
1851 3401 1984 3505 solem

575 3433 771 3603 'dominati
797 3515 836 3599 8<
858 3542 986 3601 rerum
1012 3518 1130 3628 potiri
1153 3537 1274 3629 putat.
1303 3521 1435 3624 itaque
1461 3513 1642 3626 cogimur
1661 3513 1900 3600 diffenfione
1917 3519 1982 3603 sa-

565 3623 760 3746 ‘'pientum
786 3627 996 3714 dominum
1021 3630 1195 3715 nostrum
1220 3629 1399 3744 ignorare
1420 3657 1430 3712 ε
1455 3633 1605 3744 quippe
1627 3635 1697 3741 qui
1729 3629 1984 3738 nesciamus,

577 3745 650 3836 soii
670 3773 720 3829 an
745 3741 874 3828 retheri
905 3744 1119 3830 serviamus.
1172 3743 1271 3829 Solis
1299 3766 1429 3827 autem
1460 3741 1695 3856 magnitudo
1719 3743 1741 3849 s
1753 3745 1833 3856 ipsc
1866 3750 1985 3832 enim

580 3860 647 3946 hic
666 3857 832 3945 radiatus
854 3885 920 3962 me
945 3856 1085 3942 intueri
1109 3855 1303 3967 videtur)
1328 3855 1520 3942 admonet
1545 3920 1559 3962 ,
1593 3880 1637 3942 ut
1666 3854 1805 3943 crebro
1832 3855 1986 3946 facian

578 3977 820 4062 mentionem
839 3973 905 4058 sui.
934 3977 1016 4057 Vos
1036 3998 1133 4084 ergo
1153 3973 1264 4084 hujus
1279 3971 1588 4086 magnitudinem
1607 3973 1713 4084 quasi
1727 3970 1988 4086 decempeda

609 4089 767 4175 ennensi
786 4087 939 4174 refertis.
967 4091 1073 4170 Huic
1092 4111 1155 4170 me
1172 4089 1354 4174 mensurae
1377 4091 1534 4190 vestrae,
1554 4083 1722 4174 &vobis
1733 4149 1748 4190 ,
1767 4088 1874 4201 quast
1886 4117 1989 4176 ma-

579 4121 883 4306 isarchiteuis,
909 4227 1012 4312 nego
1038 4229 1117 4316 ego
1147 4201 1313 4288 credere.
1355 4197 1534 4288 Dubium
1559 4202 1648 4306 est,
1679 4221 1766 4289 uter
1790 4203 1993 4292 nostrsun

578 4320 647 4423 stt,
667 4317 796 4406 leviter
811 4338 857 4402 ut
871 4315 1025 4419 dicam,
1049 4315 1335 4410 verecundiori

573 4477 575 4482 ¹
635 4440 777 4546 Neque
793 4456 920 4518 umen
947 4429 1032 4517 istas
1045 4433 1278 4548 quaestiones
1298 4433 1553 4548 physicorum
1564 4431 1873 4534 exterminandas
1887 4463 1998 4547 pu·

577 4567 633 4633 to.
661 4549 723 4630 Est
745 4550 849 4632 enim
875 4553 1096 4635 animorum
1113 4553 1445 4665 ingeniorumque
1458 4547 1627 4637 naturaie
1638 4548 1847 4663 quoddam
1858 4556 1998 4665 quafi

575 4658 787 4772 pabulum,
810 4663 1065 4754 consideratio
1088 4663 1447 4778 contemplatioque
1471 4690 1625 4753 nattuae.
1652 4669 1873 4780 Erigintur3
1890 4667 1999 4760 ela-

575 4775 692 4863 tiores
713 4772 796 4862 fieri
814 4772 992 4860 videmur
1002 4805 1018 4874 3
1039 4781 1208 4865 humana
1227 4778 1483 4892 despicimus:
1506 4783 1800 4898 cogitantssque
1830 4783 2001 4893 supera

1835 4921 1997 5022 atque
