4259 5592
339 404 346 411 ’
510 370 832 473 ’.[ῘΒΕΚ
885 368 1253 472 PRIMUS.
1505 388 1595 498 ‘529

203 586 340 689 pertun
359 564 446 656 esse.
473 566 572 675 Fac,
593 566 659 674 id,
681 568 870 700 quod-ne
890 565 1053 683 intelligi
1070 567 1234 681 quidem
1243 568 1373 682 potest
1385 563 1510 673 ,mihi
1525 574 1601 657 elle

208 684 451 795 persuasum:
487 682 591 779 cedo
614 686 711 771 mihr
732 684 901 785 illorum
920 678 1253 793 edrmbratonm
1268 680 1445 779 deomm
1467 684 1603 773 :linea-

206 819 368 999 meppia
387 819 507 997 dllhlle
517 798 721 1014 llghmlddo
746 914 865 1029 ‚eripis
882 914 1113 1019 menn,
1131 914 1277 1029 quibus
1295 910 1441 1002 docete
1463 913 1597 1019 velitis,

211 1025 401 1143 humanas
426 1027 502 1112 ess'e
523 1026 676 1113 formas·
691 1026 880 1125 deornm:
899 1024 1102 1141 pttmlrm,
1126 1026 1239 1144 quod
1266 1032 1319 1113 ita
1341 1030 1386 1115 srt
1412 1028 1600 1115 informa-‘’-

211 1136 297 1225 ¹turn
346 1144 681 1255 anticipatirmque
722 1137 918 1229 mentibus
965 1142 1104 1233 nostris
1133 1206 1146 1248 ,
1185 1164 1230 1229 ut
1274 1142 1466 1248 homini,
1505 1138 1613 1227 clun*

212 1252 265 1338 de
286 1251 366 1342 deo
386 1259 561 1369 cogitet,
591 1254 718 1344 forma
741 1278 919 1345 occurrat
946 1258 1148 1347 humana:
1178 1254 1323 1343 deinde
1340 1304 1358 1360 -,
1390 1280 1456 1362 ut,
1491 1286 1601 1373 quoa

206 1372 318 1455 'niam
340 1370 455 1457 rebus
475 1372 664 1457 omnibus
686 1370 843 1459 excellat
866 1392 1000 1457 natura
1021 1372 1175 1477 divina,
1201 1365 1327 1457 fomnl
1344 1392 1511 1486 quoque
1524 1372 1602 1457 erse

211 1480 469 1597 pulcherrimi
496 1481 660 1573 debente
683 1514 756 1572 nec
775 1486 852 1571 effe
876 1484 1048 1575 humani
1063 1486 1177 1573 ullam
1230 1484 1474 1573 ulchriorcm.
1501 1485 1602 1573 Ter-

212 1596 307 1685 nam
334 1604 524 1685 tationem
544 1600 712 1709 effetus,
744 1598 857 1713 quod
882 1600 983 1687 nulla
1011 1612 1052 1689 in
1090 1601 1161 1687 alia
1247 1628 1317 1687 uta
1349 1597 1604 1688 domicilium

214 1717 355 1798 mentis
380 1715 457 1798 else
483 1716 606 1828 possit.

271 1824 443 1915 Primlrm
457 1826 575 1943 igitur
592 1828 771 1947 quidque
791 1828 1080 1919 confideremus
1102 1830 1216 1947 quale
1228 1830 1282 1917 lit.
1303 1833 1481 1945 Arripere
1495 1835 1602 1925 enim

212 1944 309 2030 mihi
338 1942 526 2030 videmini
554 1945 663 2059 quast
688 1946 816 2035 vestro
841 1948 923 2060 jure
949 1976 1031 2035 tem
1061 1947 1167 2035 trullo
1195 1945 1324 2033 modo
1348 1944 1601 2058 probabilem

213 2056 316 2259 (Ψ
339 2078 420 2145 tam
444 2086 569 2145 caecus
597 2062 638 2144 in
661 2059 970 2173 contemplandis
992 2059 1108 2147 rebus
1133 2086 1309 2174 unquam
1330 2060 1428 2167 firit,
1451 2083 1496 2147 ut
1518 2089 1603 2148 non

213 2177 252 2260 vi
281 2192 361 2259 etet
380 2174 522 2283 species
541 2172 626 2285 illas
645 2174 860 2261 hominum
873 2173 1089 2263 collatasin
1110 2172 1209 2261 deos
1228 2196 1296 2259 aut
1312 2172 1472 2269 conlllio
1494 2202 1602 2289 quo-

214 2286 308 2373 dam
335 2284 575 2401 sapientum,
598 2289 695 2424 quo·
709 2287 859 2385 facilius
886 2292 1038 2377 animos
1060 2286 1331 2401 imperitorum
1356 2286 1408 2372 ad
1433 2285 1602 2375 deorum

208 2402 361 2489 cultum
374 2406 398 2489 l
411 2400 500 2489 vitae
517 2424 703 2518 pravrtate
722 2425 1015 2497 converterent:
1035 2426 1102 2489 aut
1116 2400 1404 2514 superstitione,
1415 2425 1462 2489 ut
1483 2403 1604 2489 effent
1660 2508 1664 2517 Ι

213 2515 433 2621 stmulacra,
447 2546 535 2633 quae
556 2540 802 2625 venerantes,
815 2518 914 2605 deos
932 2516 1036 2633 ipsos
1056 2515 1212 2603 seadire
1229 2515 1449 2609 crederent?
1468 2520 1603 2603 Auxe-
1671 2513 1676 2521 '

38 2646 45 2654 ‘
214 2652 306 2719 tunt
336 2654 469 2717 autem
500 2632 583 2718 haec
607 2630 743 2718 eadem
769 2639 924 2747 po'e‘tae,
946 2633 1145 2746 pidores,
1175 2627 1351 2745 opifices
1389 2634 1477 2717 Erat
1493 2633 1604 2718 enim

213 2743 449 2853 nonnette,
471 2771 627 2860 agentes
643 2746 790 2861 aliquid
813 2748 1075 2836 &molientes
1099 2744 1199 2835 deos
1221 2749 1263 2831 in
1284 2744 1603 2833 alrammtonna-

214 2860 527 2967 rumimitatione
539 2862 694 2951 servare.
724 2862 884 2953 Accetsrt
905 2865 1019 2949 etiam
1035 2863 1106 2965 ,ista
1125 2859 1267 2973 opinio
1285 2860 1468 2965 fortasse,
1490 2858 1604 2974 qudd

213 2978 367 3065 homini
389 2978 549 3067 homine
573 2975 667 3063 nihil
694 2976 892 3090 pulchrius
913 2974 1104 3063 videatur.
1131 2974 1208 3062 Sed
1227 2999 1276 3061 tu
1300 2976 1407 3081 hoc,
1431 2974 1604 3090 phyfioe‚

214 3120 300 3178 non
313 3089 457 3197 vides,
477 3096 597 3207 qum
616 3090 760 3181 blanda
780 3090 1042 3196 conciliatrix,
1064 3091 1103 3177 δι
1127 3088 1235 3205 quast
1260 3087 1316 3177 sui
1335 3088 1476 3193 {selena
1491 3113 1607 3177 naru-

132 3266 137 3273 -
214 3218 281 3300 rai
306 3210 369 3295 An
406 3229 520 3319 putas
553 3204 669 3295 ullam
695 3208 772 3295 ell'e
797 3202 895 3293 terri
920 3208 1095 3319 marique
1112 3203 1304 3311 belluam,
1337 3231 1424 3319 quae
1447 3234 1531 3292 non
1551 3204 1607 3291 sui
1747 3254 1750 3260 ·

214 3323 365 3436 generis
392 3314 517 3407 belluis
537 3323 706 3419 maxime
730 3320 965 3413 deleeletut?
999 3317 1115 3436 quod
1147 3324 1190 3406 ni
1212 3323 1263 3405 ita
1280 3320 1378 3405 effer
1390 3381 1404 3422 ,
1425 3348 1496 3405 cut
1521 3344 1607 3405 non

241 3434 365 3522 estitet
388 3461 519 3524 taurus
547 3461 658 3552 equae
685 3438 1018 3540 contrectatione,
1033 3462 1159 3550 equus
1182 3446 1330 3529 vaccae?
1355 3439 1418 3519 An
1433 3456 1477 3520 tu
1493 3432 1608 3547 aquia

213 3467 1321 3753 lustrunrrhrrrurm

215 3694 303 3868 hild
326 3693 547 3894 dmsctipsrt
560 3696 653 3885 ,lgut
684 3694 1004 3907 rtihilrupulchtitts
1043 3757 1165 3893 quim
1196 3696 1400 3866 homidem
1428 3798 1606 3890 putaret,

214 3920 304 3981 eam
325 3894 403 3980 ell‘e
427 3896 606 4002 causam,
630 3922 700 3981 cur
721 3894 820 3982 deos
839 3897 1048 3980 hommum
1066 3892 1202 3979 similes
1223 3890 1608 4013 putaremuertid

214 4010 369 4113 censes,
391 4009 419 4094 fi
443 4012 540 4097 ratio
568 4010 660 4099 erret
682 4013 724 4097 in
743 4008 876 4101 belluis
894 4012 918 4096 2
935 4036 1020 4097 non
1040 4008 1112 4099 suo
1132 4010 1305 4125 quelque
1324 4008 1460 4124 generi
1483 4003 1610 4119 pluri·

213 4128 330 4215 mrim
345 4119 553 4213 tributuras
572 4124 724 4215 fuine?
807 4140 812 4147 '

273 4246 325 4327 At
346 4239 567 4327 mehercule
588 4266 666 4355 ego
688 4240 854 4355 (dicam
876 4229 1006 4348 enlm,
1040 4261 1084 4327 ut
1105 4238 1257 4339 sentio)
1280 4238 1459 4354 quamvis
1480 4262 1608 4322 amem
1624 4257 1683 4376 ᾖ

213 4354 231 4441 i
261 4354 297 4441 h
320 4380 410 4460 me,
430 4374 562 4441 tamen
591 4384 674 4445 non
700 4355 831 4446 audeo
855 4356 1009 4463 dicere,
1032 4350 1294 4469 pulchriorem
1314 4354 1392 4441 elle
1411 4355 1610 4467 mequlm

216 4467 227 4485 '
251 4496 278 4587 'e
302 4468 417 4589 fuerit
445 4492 601 4579 taurus,
625 4472 696 4587 qui
716 4478 821 4559 vexit
845 4476 1056 4591 Europam.
1083 4476 1182 4558 Non
1210 4468 1317 4555 enim
1340 4471 1422 4556 hoc
1447 4466 1540 4589 loco
1557 4464 1610 4549 de

215 4583 411 4703 ingeniis,
433 4604 501 4685 aut
525 4588 577 4674 de
608 4585 851 4675 orationibus
878 4590 1044 4693 nolitis,
1077 4582 1141 4674 sed
1172 4582 1224 4671 de
1253 4584 1379 4698 specie
1403 4580 1611 4697 figurisque

216 4702 416 4902 quaeritYut.
444 4698 769 4903 thsrfmgete
787 4700 903 4793 nobis
922 4706 1131 4905 &inpegere
1151 4698 1296 4789 formos
1310 4698 1497 4790 velimus:
1512 4722 1615 4893 qtpi}

373 4842 444 4903 om.
529 4882 541 4905 .
638 4872 642 4878 -
976 4858 978 4863 ·
1078 4844 1106 4902 x
1132 4844 1161 4903 x
