4259 5592
408 408 414 414 ’
522 372 1236 535 praeuenturus.
1479 473 1570 562 ,ςμ

174 626 300 729 ‘nobis
319 622 478 729 dedeo
500 625 765 741 cogitantibus
784 626 973 739 speciem,
989 624 1060 711 nili
1073 624 1244 712 homnis
1258 632 1499 715 occurrere?
1519 652 1578 715 ta-

181 751 323 841 nac‘nne
349 744 418 829 illa
439 743 511 852 jam
536 740 699 829 absurda
712 740 927 839 defendes?
946 739 1078 829 Nobis
1096 735 1282 828 fortaile⁸
1299 740 1352 826 stc
1367 745 1577 851 occurrit,

180 888 227 961 ut
242 860 365 963 dicis:
389 863 789 980 jovem,‚1unonem,
810 856 1578 969 Minervammepmnumvtlcanun,

181 975 428 1091 Apollinem,
448 971 619 1084 reliquos
642 970 741 1067 deos
753 1036 767 1077 ,
791 970 836 1059 eal
856 972 954 1057 facie
971 972 1179 1075 novimus,
1205 966 1285 1083 qual
1308 963 1504 1084 piciores,
1530 978 1582 1081 ti„

182 1089 320 1183 eiore's
337 1114 388 1171 ue
406 1086 638 1189 voluerunt:
660 1113 790 1199 neque
813 1086 938 1175 solum
954 1082 1078 1188 facie,
1099 1081 1164 1166 sed
1177 1088 1292 1171 etiarn
1311 1111 1474 1191 ornatu,
1491 1089 1582 1177 aeta'·

181 1228 247 1319 te,
265 1118 416 1290 vellitu.
444 1205 495 1290 At
521 1230 605 1287 non
626 1201 819 1315 AEgyptii,
844 1228 917 1289 nec
941 1204 1049 1315 Syri,
1071 1224 1146 1283 nec
1166 1198 1245 1285 fere
1265 1201 1421 1291 cundia(
1438 1198 1581 1293 barba-

181 1324 249 1407 ria.
276 1318 478 1405 Firmiotes
498 1320 607 1405 enirn
627 1318 760 1411 videas
791 1316 901 1432 apud
928 1343 999 1404 eos
1021 1340 1159 1404 omnes
1185 1315 1397 1429 opiniones
1424 1320 1502 1405 ess'e
1528 1319 1582 1406 de

180 1427 312 1534 bestiis
340 1428 600 1548 quibusdam,
626 1436 747 1545 quim
773 1430 883 1547 apud
916 1460 992 1521 nos
1020 1428 1073 1514 de
1105 1428 1333 1518 sandiliimis
1360 1434 1512 1549 templis
1541 1437 1582 1522 dt

180 1548 390 1640 limulactis
409 1548 589 1633 deorum.
620 1550 773 1639 Etenim
795 1548 884 1637 fana
916 1545 1037 1647 malta
1070 1546 1288 1660 expoliata,
1310 1548 1355 1634 δι’
1381 1548 1582 1637 simulacta

179 1662 351 1770 deorum
378 1660 429 1747 de
450 1661 546 1746 locis
567 1661 793 1755 sanillffimis
815 1658 938 1749 ablata
959 1657 1139 1748 videmus
1175 1665 1199 1748 a
1221 1662 1388 1749 noſtris:
1419 1688 1459 1751 at
1485 1668 1581 1752 veto

180 1776 377 1889 nefando
403 1774 566 1893 quidem
590 1772 770 1867 auditum
791 1774 870 1881 en,
896 1773 1170 1880 crocodilum,
1190 1800 1257 1864 aut
1275 1773 1398 1882 ibim,
1428 1803 1496 1865 aut
1520 1780 1581 1865 fe-

180 1893 261 2001 lem
277 1892 473 1979 'violarum
493 1886 541 1973 ab
557 1894 755 2005 AEgyptio.
785 1890 897 2009 Quid
910 1891 1028 2005 igitur
1050 1890 1202 1983 censes?
1218 1895 1336 2005 Apim
1352 1892 1481 1997 illum,
1495 1893 1582 1979 ὁτι·

177 2014 289 2101 dium
309 2006 584 2123 AEgyptiotum
606 2009 777 2109 bovem,
798 2011 940 2095 ‚radnne
969 2003 1089 2089 detun
1111 2004 1234 2091 videti
1254 2008 1583 2122 AEgyptiisiTam
1711 2097 1715 2103 ,
1772 2041 1776 2050 ’

175 2122 333 2225 hercle,
356 2128 475 2235 quam
493 2122 565 2217 ribi
582 2116 723 2211 ”illam
746 2118 918 2206 nostram
938 2122 1150 2229 Sospitam,
1167 2147 1286 2230 quarn
1310 2145 1354 2207 tu
1376 2150 1582 2237 nunquam

178 2266 234 2358 ne
261 2242 302 2323 in¹
327 2233 471 2335 somnis
495 2232 655 2347 quidem
678 2231 789 2343 yides
800 2297 815 2339 ,
837 2234 905 2317 nisa
929 2262 1022 2337 cum
1042 2232 1141 2347 pelle
1154 2238 1337 2345 caprina,
1357 2264 1450 2321 cum
1466 2241 1583 2344 hasta,

174 2383 276 2454 eunt
303 2349 480 2454 scutulo,
506 2346 799 2434 cruncalceolis
818 2346 1009 2461 repandis.
1045 2355 1097 2435 At
1121 2376 1206 2433 non
1231 2349 1286 2433 est
1302 2350 1383 2435 talis
1409 2358 1581 2467 Argiva,

176 2498 259 2571 nec
287 2471 461 2563 Romana
490 2468 604 2587 luno.
646 2466 752 2578 Ergo
783 2460 854 2549 alia
878 2462 1020 2577 species
1038 2460 1247 2579 ⁵⁶lunonis
1273 2468 1450 2579 Argivis,
1473 2468 1545 2556 alia
1558 2466 1585 2531 ⁸·

177 2581 411 2689 Lanuvinis.
441 2584 487 2665 Et
506 2576 669 2694 quidem
687 2578 758 2669 alia
776 2575 893 2667 nobis
918 2576 1162 2691 Capitolini,
1192 2576 1264 2665 alia
1290 2581 1393 2667 Afris
1414 2590 1584 2671 Ammo·

179 2728 248 2789 tus
288 2726 387 2783 ovrs.
775 2772 777 2775 .
1578 2762 1583 2769 .

185 2866 193 2911 :
241 2701 353 2903 lion.
365 2808 490 2923 pudet
511 2805 628 2921 igitur
650 2808 877 2925 physicum,
900 2806 1014 2895 idest
1034 2806 1310 2921 speculatorem
1332 2814 1651 2900 venatorem--

175 2954 268 3041 que
285 2948 454 3030 natura,
477 2922 526 3009 ab
560 2926 698 3015 anino
723 2921 1005 3012 consuetudine
1030 2919 1225 3029 imbutis,
1244 2944 1377 3039 petere
1408 2918 1585 3015 testimo-
1598 2901 1650 2981 3⁰

171 3051 299 3131 nium
323 3039 510 3133 veritatis?
537 3038 612 3126 lsto
637 3037 743 3126 enim
777 3036 905 3128 modo
930 3036 1059 3123 dicere
1083 3037 1236 3145 licebit,
1269 3044 1409 3163 jovem
1438 3045 1585 3157 semper

172 3156 391 3273 barbatum
409 3218 424 3261 ,
444 3150 832 3283 Apolinentsemper
857 3150 1099 3258 innobans,
1121 3154 1253 3241 caestos
1271 3154 1411 3242 oculos
1437 3164 1586 3247 Miner-

173 3303 269 3379 vae,
293 3270 478 3358 candeas
500 3270 576 3353 elle
601 3274 790 3382 Neptum.
820 3272 866 3353 Et
886 3267 1049 3385 quidem
1073 3271 1234 3355 Athenis
1259 3268 1461 3358 laudamus
1488 3276 1588 3360 Vul-

174 3414 337 3485 canum
353 3414 446 3471 eum
457 3449 472 3491 ,
497 3412 618 3500 quem
639 3382 730 3473 fecit
751 3382 1000 3473 Alcamenes:
1027 3387 1069 3470 in
1093 3412 1178 3499 quo
1199 3384 1318 3470 stante
1338 3413 1457 3503 atque
1470 3391 1586 3475 vesti·

170 3530 225 3593 to
240 3504 380 3589 leviter
401 3524 560 3615 apparet
581 3498 813 3588 claudicatio
835 3530 919 3587 non
934 3498 1133 3587 deformis
1160 3499 1362 3589 Claudum
1383 3504 1501 3619 igitur
1513 3508 1586 3592 ha·

170 3620 374 3718 bebimus
394 3618 541 3721 deum,
572 3618 763 3731 quoniam
786 3614 837 3703 de
858 3614 1037 3705 Vulcano
1061 3616 1112 3701 stc
1139 3620 1372 3731 accepimus.
1579 3642 1585 3649 ·
1660 3702 1664 3711 ,

897 3736 936 3818 X
963 3762 990 3818 x
1017 3760 1044 3817 x
1097 3761 1119 3817 2
1499 3740 1587 3850 Age
1651 3746 1655 3755 '

166 3980 239 4043 lcii.
267 3977 471 4039 Dubitandum
481 3974 560 4037 enim
577 3996 636 4037 non
652 3975 712 4048 est,
726 3974 793 4053 quin
810 3974 878 4034 Cot·
954 3989 999 4049 56.
1020 3980 1092 4055 Erga
1105 3976 1259 4056 aliajpect'es
1277 3976 1385 4035 lunonis
1407 3980 1536 4055 Argivis,
1555 4000 1585 4038 a·
1651 4030 1654 4034 .

163 4082 221 4133 ra,
257 4060 361 4153 ridens
394 4050 589 4155 credulitatem
615 4056 693 4119 istius
722 4053 875 4155 Epicptei‚
910 4057 945 4117 lia
970 4060 1129 4127 Lanivirrim
1148 4058 1200 4149 alia
1215 4056 1310 4126 nobb]
1331 4057 1373 4151 ita
1386 4057 1525 4153 legendus
1537 4058 1585 4161 laic

162 4139 880 4303 &agnominatam
911 4137 1588 4312 immensissimis&

160 4312 208 4371 de
238 4304 358 4367 Roscio
379 4306 539 4377 comoedo,
574 4302 697 4375 dixerat,
727 4306 881 4385 municipem
912 4304 948 4364 lia
967 4301 1104 4374 aobir,&
1118 4302 1327 4380 proLantrrnis
1342 4300 1475 4383 lit-iprum
1493 4300 1589 4365 lltLa·

162 4404 260 4451 mm
289 4388 423 4464 Roscium.
444 4388 532 4465 idque
550 4402 628 4447 tanto
649 4384 740 4467 magia
765 4382 882 4445 fitveri-
913 4382 987 4445 riuis.
1008 4382 1269 4447 Colebaturautem
1282 4383 1392 4446 Lanivii
1406 4390 1482 4447 luno
1496 4384 1589 4465 Sospi-

159 4470 304 4540 firnile‚
327 4470 405 4547 quid
437 4469 525 4546 paulo
556 4467 618 4547 prist
637 4470 783 4528 Iunonem
800 4464 884 4525 istam
913 4485 941 4527 ta
959 4486 1027 4527 curn
1045 4464 1122 4547 pelle
1148 4465 1258 4546 caprina
1276 4507 1287 4537 ‚
1307 4486 1374 4528 cum
1398 4466 1499 4539 hasta,
1521 4488 1590 4529 cum

159 4550 347 4631 distinguit
364 4554 400 4612 ab
419 4552 504 4612 altera
522 4549 588 4620 illa,
608 4566 668 4629 quae
685 4566 743 4609 erat
764 4548 883 4619 Roma,
914 4546 1041 4619 scutulo,
1070 4566 1141 4609 cum
1167 4548 1297 4610 calceolis
1323 4548 1452 4628 repandis
1471 4571 1482 4614 r
1501 4546 1591 4628 cujull

159 4638 203 4699 ὅ(
240 4630 340 4711 addit
360 4652 370 4692 t
388 4639 460 4713 Ergo
478 4632 530 4693 alia
542 4635 637 4715 fpecies
663 4630 771 4691 armna
797 4634 884 4689 una
915 4628 1041 4692 modiin
1062 4626 1183 4691 denariis
1200 4632 1235 4691 h
1257 4626 1350 4691 Roscii
1371 4630 1485 4702 Fabrici,
1509 4633 1541 4693 &
1556 4633 1590 4692 L.

157 4722 281 4787 victis,
307 4715 364 4773 alia
383 4717 464 4775 nobis.
491 4718 533 4773 lta
550 4712 628 4775 enim
646 4710 687 4773 est
705 4710 883 4792 legendum,
915 4710 1018 4773 Thorii
1038 4708 1122 4772 Balbi
1128 4709 1197 4790 ,qui
1211 4710 1344 4775 Lanivini
1361 4710 1493 4791 fueraut,
1504 4712 1593 4795 ligna¹

156 4816 199 4862 tat
222 4795 378 4861 Davisius
398 4797 460 4879 poli
477 4794 612 4861 Urlinum
626 4815 679 4858 nos
701 4792 807 4857 domic
828 4794 885 4852 Bu·
916 4790 1269 4877 drepanitanum
1411 4804 1415 4812 '

156 4894 323 4944 mantus.
392 4930 402 4939 .
464 4912 469 4917 ·
736 4921 740 4931 .
841 4910 844 4919 ·
1241 4904 1245 4911 ·
