4259 5592
527 456 816 551 truan
872 459 1314 573 Qururus
1537 505 1620 583 4„

234 666 238 674 '
282 651 520 737 Anoiror.
549 650 650 735 Non
672 647 770 733 mihi
794 640 949 731 videtur
969 642 1020 731 ad
1044 608 1389 737 beate'virendum
1410 656 1493 741 satis
1514 640 1698 771 posse*-

228 765 426 850 virtutem
453 768 664 854 Mrncus.
691 765 743 849 At
769 759 925 880 hercule
946 764 1068 848 Bruto
1091 790 1185 850 meo
1210 762 1394 852 videtur:
1424 770 1534 882 cujus
1547 797 1626 887 ego
1659 748 1677 823 5

230 875 444 987 judicium,
467 902 565 991 paor
595 896 662 963 tua
683 873 873 979 dixerim,
893 873 1013 991 longd
1040 900 1244 993 antepono
1271 902 1357 965 tuo.
1396 890 1630 973 Aunrror.

232 994 333 1077 Non
359 986 513 1078 dubito.
541 996 631 1079 Nec
646 986 690 1075 id
712 1018 819 1075 nunc
834 992 960 1103 agitur
974 1052 988 1094 ,
1002 1013 1048 1077 tu
1061 990 1174 1079 illum
1200 990 1394 1108 quantum
1416 1023 1521 1083 amet
1537 1032 1548 1086 ε
1563 999 1629 1085 sed

233 1106 342 1210 hoc,
368 1104 483 1220 quod
502 1103 599 1193 mihi
620 1102 703 1190 dixi
727 1102 874 1209 videri,
896 1105 1011 1219 quale
1043 1106 1110 1192 srt:
1136 1106 1188 1193 de
1214 1138 1300 1223 quo
1327 1114 1423 1196 lte
1444 1110 1630 1226 disputari

233 1220 342 1308 volo.
371 1226 578 1338 Mnrcus.
615 1223 774 1333 Nempe
799 1245 920 1334 negas
949 1218 1001 1305 ad
1025 1219 1138 1307 beat&
1162 1223 1380 1309 vivendum
1403 1224 1488 1313 satis
1518 1230 1630 1334 polle

231 1338 453 1425 virtutem?
476 1342 710 1427 Auntron
738 1336 897 1444 Prorsus
917 1362 1035 1448 nego.
1077 1340 1286 1423 Murcus.
1316 1338 1464 1461 Qtid?
1491 1341 1542 1427 ad
1568 1371 1633 1429 re.

230 1451 296 1543 ste
308 1513 324 1557 ,
350 1451 537 1560 honesta,
559 1446 822 1555 laudabiliter,
847 1448 1047 1566 postremo
1070 1446 1122 1535 ad
1138 1450 1246 1537 bene
1271 1452 1489 1541 vivendum
1503 1456 1631 1544 satisne
1801 1464 1803 1467 ’

229 1566 287 1651 est
309 1564 473 1680 presidii
491 1569 532 1654 in
556 1565 725 1658 virtute?
750 1568 981 1653 Aunrrorr.
1009 1564 1129 1653 Certe
1146 1565 1241 1653 satis.
1273 1573 1482 1657 Murcus
1512 1576 1632 1660 Potes

229 1684 374 1797 igitur,
393 1703 462 1769 aut
479 1687 548 1797 qui
565 1679 665 1769 male
687 1684 816 1784 vivat,
838 1710 923 1766 non
942 1706 1035 1767 eum
1051 1681 1232 1768 miserum
1254 1680 1398 1789 dicere,
1411 1707 1493 1791 aut,
1507 1714 1630 1802 quem

227 1796 506 1903 benesateare,
520 1826 614 1883 eum
627 1822 768 1911 negare
782 1790 893 1882 beate
915 1800 1073 1889 vivere?
1101 1800 1333 1885 Aunrron
1363 1798 1516 1918 Qidni
1535 1803 1631 1915 pos

230 1912 329 2002 san?
352 1942 446 1999 nam
464 1919 581 2001 etiam
601 1916 643 1999 in
664 1915 867 1999 tormentis
889 1911 1019 2015 retra,
1040 1910 1228 2017 honeste,
1245 1910 1484 2001 laudabiliter
1491 1916 1557 2022 ,dt
1572 1916 1632 2004 ol>

226 2054 320 2115 mm
338 2057 420 2114 rem
438 2025 539 2115 bene
560 2025 642 2115 vivi
665 2025 819 2139 potest,
840 2024 1066 2128 dummodo
1087 2025 1272 2141 intelligas
1283 2090 1297 2131 ,
1314 2027 1413 2141 quid
1433 2060 1540 2116 nuuc
1565 2032 1630 2117 di·
1759 2104 1767 2121 .

228 2170 321 2228 cam
344 2144 455 2231 bene.
485 2142 591 2229 Dico
611 2145 740 2245 enim,
765 2140 1013 2245 constanter,
1032 2145 1228 2254 graviter,
1247 2140 1631 2251 sapienter,fortiter.
1721 2162 1723 2167 “

223 2262 330 2457 ξε(
353 2264 470 2345 etiam
494 2262 536 2345 in
561 2254 773 2372 equuleum
797 2254 1057 2360 coniiciuntur
1068 2316 1083 2359 ,
1112 2258 1196 2369 quo
1229 2260 1308 2342 vita
1346 2287 1431 2345 non
1461 2259 1630 2376 adspirat

261 2392 357 2459 eata.

221 2549 227 2557 -
290 2492 505 2575 Marcus
586 2485 655 2576 uid
676 2488 829 2600 igitur?
849 2482 978 2571 soline
999 2480 1111 2569 beata
1134 2482 1238 2588 vita,
1261 2487 1420 2599 quaes0,
1441 2487 1631 2604 relinqui-

222 2622 296 2687 tur
314 2622 425 2687 extra
447 2494 730 2689 ostiulngimtn
753 2626 809 2727 ue
832 2608 1021 2703 carectis,
1043 2603 1151 2686 etim
1173 2600 1411 2707 constantia,
1428 2610 1630 2719 gravitas,
1661 2638 1663 2643 ·

222 2714 452 2821 fortitudo,
474 2717 677 2833 sapientia,
698 2747 716 2801 r
751 2711 936 2829 tqudque
951 2718 1115 2801 virtutes
1131 2712 1328 2829 rapiantur
1347 2714 1399 2803 ad
1423 2742 1631 2825 tortorem,

222 2830 464 2945 nullumque
492 2830 663 2919 recusent
689 2858 763 2917 nec
788 2829 1047 2944 supplicium,
1072 2856 1147 2916 nec
1158 2828 1371 2917 dolorem?
1396 2837 1629 2922 Aunrron.

232 2949 327 3050 Tu,
352 2946 379 3031 sr
400 2946 501 3061 quid
527 2976 568 3034 es
595 2948 790 3049 indutus,
827 2973 935 3031 nova
959 2944 1087 3061 aliqua
1109 2948 1320 3060 conquiras
1346 2968 1515 3057 oportet.
1560 2952 1630 3037 lsta

229 3090 299 3147 me
320 3062 481 3149 minim&
504 3084 667 3151 movent
678 3125 692 3167 ,
717 3088 804 3146 non
825 3056 954 3147 solum
965 3066 1060 3175 quia
1174 3062 1300 3174 ulgata
1311 3060 1425 3168 sunt,
1444 3062 1511 3149 sed
1526 3067 1632 3153 mul:

231 3182 277 3265 to
296 3179 446 3291 magis,
469 3179 593 3298 quia,
615 3201 805 3292 tanquam
838 3173 937 3313 lenia
968 3204 1055 3291 qua
1085 3204 1151 3261 arn
1180 3176 1272 3261 vina
1307 3176 1400 3263 nihil
1427 3180 1631 3267 valentin

221 3291 439 3534 :tum
459 3292 919 3404 ω’
932 3289 1412 3535 ,nrm

221 3520 433 3611 eonshtuit
453 3542 544 3609 ante
565 3522 707 3612 oculos
725 3552 820 3611 cum
842 3520 1068 3634 amplustria
1090 3519 1362 3636 dignitatemr
1385 3524 1437 3609 ad
1462 3552 1524 3613 eas
1537 3556 1630 3611 cur·
1662 3574 1666 3579 ·

230 3638 304 3727 san
323 3639 567 3751 perfeetum,
591 3664 756 3727 neceas
778 3634 889 3723 beata
913 3641 1036 3725 vitad
1059 3638 1096 3740 se
1128 3636 1292 3741 desertas
1315 3640 1468 3749 passura
1491 3640 1630 3727 videa·

230 3778 307 3842 tur.
337 3755 450 3840 Ctlm
479 3777 610 3842 autem
631 3758 807 3841 animum
824 3751 875 3839 ab
902 3752 970 3838 ista
993 3751 1147 3867 pislura
1173 3752 1483 3865 imaginibusque
1503 3760 1629 3843 virtu·

219 3896 320 3959 arun
338 3866 390 3954 ad
417 3894 499 3955 rem
521 3870 800 4072 veritatdqque
818 3863 1034 3955 traduxerit
1046 3896 1062 3977 3
1093 3870 1173 3965 hoc
1200 3865 1356 3955 nudum
1374 3870 1628 3983 relinquitur,

228 3984 405 4099 possitne
424 3982 513 4098 quis
529 3980 663 4074 beatus
682 4012 706 4071 e
736 3981 992 4100 e,quamdiu
1019 3977 1257 4097 torqueatur.

292 4100 569 4230 Qamobrem
596 4104 677 4189 hoc
695 4130 805 4189 nunc
822 4127 1052 4215 quaeramus.
1081 4104 1251 4186 Virtutes
1267 4125 1399 4189 autem
1416 4099 1497 4187 noli
1518 4100 1631 4187 vere-

218 4218 341 4327 'tine
371 4242 420 4300 ex
479 4216 615 4305 stulent
638 4214 677 4303 &
699 4238 910 4334 querantur
943 4214 1022 4305 sea
1049 4212 1161 4301 beata
1186 4220 1266 4301 vita
1288 4216 1364 4303 effe
1390 4216 1547 4329 retinas.
1591 4216 1631 4303 si

234 4330 344 4419 enim
366 4360 393 4413 n
443 4362 466 4419 a
496 4337 618 4421 virtus
645 4327 850 4447 prudentii
874 4354 1011 4438 vacat,
1040 4328 1248 4445 prudentia
1278 4329 1359 4443 ipsa
1390 4334 1471 4419 hoc
1494 4330 1631 4436 videt,

217 4466 326 4537 ‘non
351 4474 490 4536 omnes
508 4444 642 4537 bonos
667 4448 744 4534 ess'e
765 4454 881 4537 etiam
904 4447 1060 4567 beatos:
1083 4447 1285 4564 multltque
1308 4446 1361 4532 de
1379 4454 1434 4537 M
1456 4446 1575 4535 Atilio
1589 4442 1629 4560 ⁶,

1472 4563 1635 4679 meu.

279 4782 309 4827 6.
342 4774 384 4827 Μ.
405 4771 516 4845 Atilio]
549 4766 696 4850 Regulum
722 4763 817 4838 dicit,
838 4768 917 4846 cuju·
958 4769 1229 4845 mapa-‘nent
1245 4763 1375 4827 Gellium
1394 4768 1433 4827 N.
1451 4766 1635 4839 mun&

214 4886 220 4893 ·
236 4866 317 4911 mors
330 4846 549 4920 cruciabilis‘est
565 4844 785 4917 demndfimt
804 4848 880 4909 luter
887 4869 918 4909 a·
957 4846 1153 4930 sumuntur
1169 4847 1288 4929 GD,1,
1302 4864 1347 4924 ις.
1366 4850 1526 4921 naturus,

236 4928 402 5011 liotpltues
426 4933 492 4996 ride
513 4930 662 5004 Valerium
675 4927 843 4996 nmmum
866 4927 918 4993 lib.
1597 4959 1620 4981 ›-
