4259 5592
534 500 621 587 ,n
786 452 1810 558 ornaruntuaonuu

528 652 748 741 mundumt
775 650 870 739 nihil
890 679 993 765 opus
1010 648 1122 737 fuiffe
1143 646 1315 750 fabrici;
1343 652 1505 763 tamque
1528 677 1615 736 eam
1634 677 1715 737 rem
1735 654 1813 740 eise
1834 654 1933 744 faci.

530 772 633 877 lem,
649 796 772 884 quam
802 796 877 856 vos
898 768 1001 853 effici
1031 772 1179 883 negatis
1204 769 1284 852 sme
1305 763 1438 853 divitia
1460 768 1574 877 posse
1599 766 1769 876 solertia,
1798 796 1843 859 ut
1863 774 1932 859 in-

408 968 411 975 ,
531 883 786 973 numerabiles
808 907 943 969 natura
955 882 1129 971 mundos
1145 886 1327 968 effenura
1341 882 1411 986 srt,
1433 880 1589 987 efficiat,
1602 883 1782 972 effecerit.
1799 888 1929 1009 Qud

532 1007 625 1118 quia
650 997 991 1115 quemadmodum
1018 1022 1153 1086 natura
1176 1000 1330 1084 efficere
1368 997 1447 1080 sme
1469 995 1598 1112 aliqua
1622 1024 1755 1086 mente
1787 1004 1904 1113 poffit
1916 1068 1936 1110 ,

532 1148 617 1203 non
642 1114 801 1201 videtis:
833 1138 876 1200 ut
897 1117 1031 1229 tragici
1058 1120 1221 1229 poita,
1263 1107 1356 1200 ciun
1381 1110 1571 1225 explicare
1601 1121 1820 1228 argumenti
1844 1123 1932 1205 exi-

531 1256 618 1319 tum
638 1260 721 1317 non
745 1229 926 1346 potestis,
943 1229 1155 1344 confugitis
1185 1229 1236 1314 ad
1262 1228 1393 1313 deum
1423 1227 1548 1333 Cujus
1571 1257 1734 1342 operam
1748 1232 1932 1345 profeblb

531 1378 617 1433 oon
636 1345 922 1450 desideraretis,
947 1348 975 1431 sr
997 1343 1222 1430 immensam
1245 1344 1589 1431 &interminatam
1615 1345 1657 1428 in
1678 1374 1818 1433 omnes
1840 1377 1945 1460 pan·

531 1485 590 1550 tes
604 1460 924 1577 'magnitudinem
944 1466 1152 1575 regionum
1174 1458 1380 1545 videretis:
1404 1460 1445 1541 in
1468 1486 1589 1572 quam
1609 1460 1832 1569 seinjiciens
1846 1467 1932 1552 aoi-

484 1570 489 1589 “
531 1607 620 1664 mus
645 1578 684 1662 ὅ(
709 1576 913 1662 intendens
935 1580 986 1662 ita
1008 1575 1081 1662 late
1099 1573 1299 1690 longeque
1317 1576 1608 1687 peregrinatur,
1634 1597 1679 1661 ut
1709 1576 1852 1663 nullam
1871 1601 1934 1665 ta·

532 1719 625 1777 men
648 1720 760 1779 oram
774 1691 898 1779 ultimi
916 1694 949 1737 ³⁹
962 1689 1115 1796 videat,
1138 1694 1178 1775 in
1198 1716 1278 1805 qua
1305 1690 1420 1802 polstt
1441 1685 1617 1774 infistere.
1648 1695 1689 1775 ln
1720 1695 1796 1778 hac
1813 1690 1933 1809 igitur

506 1806 784 1895 'immenfitate
818 1804 1092 1913 latitudinum,
1118 1802 1444 1920 longitudinum,
1474 1802 1749 1913 altitudinum,
1779 1812 1932 1895 infinita

532 1926 592 2010 vis
615 1920 955 2007 innumerabilium
990 1920 1126 2008 'volitat
1146 1943 1393 2007 atomorum:
1420 1946 1533 2035 qua,
1569 1919 1765 2030 interjecto
1792 1922 1932 2029 inani,

533 2034 795 2125 cohaerescunt
822 2033 952 2123 tamen
977 2037 1075 2121 inter
1094 2035 1155 2141 se,
1183 2035 1222 2120 ἃ
1253 2032 1332 2120 alia
1357 2032 1446 2121 alias
1469 2035 1801 2147 apprehendentes
1821 2066 1928 2124 con-

531 2156 756 2240 tinuantur:
783 2178 832 2237 ex
857 2180 943 2266 quo
970 2150 1194 2239 efficiuntur
1222 2149 1282 2236 hae
1315 2176 1445 2235 rerum
1469 2148 1606 2235 fonnae
1630 2174 1747 2265 atque
1770 2150 1929 2265 figura:

533 2296 631 2385 quas
659 2296 734 2353 vos
762 2264 865 2353 effici
884 2266 995 2380 polle
1017 2266 1095 2349 sme
1118 2261 1274 2353 follibus
1298 2259 1565 2350 &incudibus
1585 2273 1837 2378 nonputatis.
1857 2272 1933 2353 lta-

533 2411 614 2497 que
636 2380 868 2497 imposuistis
890 2380 932 2465 in
966 2376 1181 2468 cervicibus
1207 2380 1346 2467 nostris
1380 2382 1654 2493 sempiternum
1689 2380 1933 2487 dominum,

534 2526 655 2615 quem
685 2496 767 2583 dies
793 2499 833 2584 br
857 2498 994 2584 nolles
1017 2495 1251 2583 timeremus.
1281 2498 1384 2615 Qis
1404 2500 1507 2581 enim
1532 2524 1617 2581 non
1639 2496 1773 2583 timeat
1800 2501 1933 2583 omnia

533 2610 837 2729 providentem,
859 2612 899 2698 8(
917 2610 1184 2724 cogitantem,
1207 2612 1248 2697 dc
1264 2610 1660 2717 animadvertentem,
1682 2613 1867 2700 &omnia
1879 2612 1931 2699 ad

533 2731 570 2816 se
596 2732 785 2842 pertinere
806 2748 1035 2841 putantem,
1057 2724 1276 2833 curiosum,
1295 2725 1335 2810 δι
1356 2724 1517 2839 plenum
1544 2730 1695 2840 negotii
1718 2726 1874 2813 deum?

546 2840 548 2845 ’
589 2843 696 2947 Hinc
719 2840 835 2927 vobis
859 2842 994 2929 exsrliit
1044 2846 1191 2928 rimum
1209 2840 1268 2927 illa
1285 2838 1406 2924 fatalis
1428 2841 1645 2947 neceffitas‚
1662 2870 1782 2956 quam
1811 2850 1933 2952 expap-

482 3056 485 3063 ,
532 2957 644 3058 ululo
664 2953 816 3058 dicitis;
838 2981 907 3061 ut,
928 2960 998 3071 qui
1028 2956 1126 3070 quid
1141 2955 1315 3059 accidat,
1343 2954 1385 3039 id
1402 2980 1452 3039 ex
1474 2976 1616 3041 aetema
1638 2955 1819 3061 veritate,
1836 2986 1933 3042 cau-

534 3075 742 3185 sarumque
761 3070 1061 3158 continuatione
1075 3072 1227 3161 fluxuse
1249 3068 1396 3157 dicatis.
1425 3074 1576 3192 anti
1597 3095 1727 3158 autem
1742 3075 1825 3160 bac
1842 3075 1934 3185 phi·
2028 3100 2032 3107 ·

535 3183 713 3299 losophia
734 3184 955 3272 estimanda
975 3186 1055 3289 eli,
1076 3190 1166 3291 cui,
1195 3210 1385 3300 tanquam
1405 3184 1598 3290 aniculis,
1632 3188 1673 3272 δι
1696 3194 1743 3274 iis
1768 3188 1933 3303 quidem

535 3300 734 3404 indonis,
768 3299 850 3386 fato
883 3298 967 3385 fieri
1000 3298 1205 3387 videantur
1227 3302 1387 3388 olnnia?
1412 3299 1596 3413 Sequitur
1617 3301 1759 3399 aaroni
1781 3302 1930 3406 vestra,

495 3520 496 3523 q
535 3443 624 3532 qua
643 3412 777 3503 latini
796 3413 985 3502 divinatio
1005 3414 1170 3504 dicitur:
1191 3417 1271 3529 qual
1292 3410 1396 3499 tanti
1410 3413 1675 3502 imbueremur
1695 3417 1932 3530 superstitio-

536 3556 587 3630 ne
604 3592 617 3636 ,
636 3532 664 3614 sr
682 3559 757 3617 vos
786 3530 920 3615 audire
940 3530 1147 3635 vellemus,
1170 3555 1215 3615 ut
1237 3527 1480 3642 haruspices,
1506 3557 1694 3646 augures,
1722 3532 1929 3635 arioli,va-

536 3668 620 3749 tes,
648 3648 687 3731 δι
710 3644 948 3770 conjedloqes
965 3644 1084 3731 nobis
1107 3647 1228 3730 elsent
1251 3642 1417 3732 colendi.

593 3763 668 3845 His
686 3756 897 3846 terroribus
917 3760 966 3849 ab
989 3766 1161 3873 Epicuro
1182 3760 1324 3865 soluti,
1349 3759 1388 3844 &
1419 3757 1463 3842 in
1483 3758 1695 3846 libertatem
1720 3760 1932 3865 vindicati,

534 3904 608 3963 nec
629 3878 838 3962 metuimus
853 3903 945 3979 eos,
970 3904 1076 3986 quos
1098 3875 1342 3991 intelligimus
1356 3901 1430 3959 nec
1455 3873 1525 3958 fibi
1546 3874 1694 3990 lingere
1712 3875 1936 3962 ullammo-

533 3991 708 4095 lestiam,
731 4016 804 4075 nec
827 3992 932 4077 alteri
956 4018 1146 4102 quareret
1175 3990 1304 4103 &pie
1329 3988 1533 4104 anusque
1562 3994 1728 4078 colimus
1754 4016 1939 4077 naturam

534 4104 783 4191 excellentem
803 4129 921 4221 atque
954 4107 1207 4219 praestantem.
1245 4104 1323 4193 Sed
1346 4104 1466 4190 elatus
1496 4105 1652 4214 studio,
1682 4133 1850 4212 vereor,
1883 4134 1940 4191 ne

534 4220 692 4336 longior
716 4221 865 4309 fuerim.
895 4226 982 4307 Erat
1005 4246 1135 4308 autem
1160 4220 1339 4325 difficile,
1361 4246 1443 4305 rem
1467 4226 1939 4337 tantam,timque=prae-

536 4338 695 4444 claram,
716 4340 938 4435 inchoatam
963 4337 1187 4451 relinquere.
1214 4344 1457 4468 quuam
1483 4366 1568 4424 oon
1592 4361 1671 4424 tam
1695 4337 1856 4426 dicendi
1871 4367 1941 4423 ra·

779 4508 782 4513 ·
1869 4476 1938 4540 110

580 4647 627 4704 39.
646 4636 728 4689 mam
748 4608 856 4703 ulum]
886 4630 1214 4709 reuocandam,
1251 4654 1326 4695 nm
1341 4654 1456 4705 ausam,
1476 4629 1675 4705 illirrsultinm
1692 4650 1724 4691 re
1746 4630 1941 4691 'onisoermi-

535 4726 595 4800 «μζ
611 4707 707 4787 sapius
725 4710 850 4774 fornum
861 4712 1021 4776 nbstmuvi
1030 4714 1156 4785 inducit,
1172 4713 1213 4775 io·
1252 4736 1323 4778 num
1341 4715 1396 4777 five
1413 4714 1524 4786 linem,
1543 4714 1620 4777 unde
1643 4714 1727 4776 ultori
1782 4710 1864 4793 pergi
1881 4730 1945 4791 ne·

533 4789 696 4884 telbgarqus
710 4811 810 4853 aarum
819 4794 990 4874 regionum,
1001 4816 1067 4875 quar
1081 4815 1213 4879 peragra-
1251 4815 1343 4875 queat.
1362 4798 1457 4859 Paffirn
1474 4798 1532 4859 hoc
1546 4798 1636 4857 modo
1653 4792 1866 4877 dillinguunnrr
1881 4812 1947 4856 vo·

532 4888 921 4949 verrtanrmut,extremam
942 4877 1133 4944 &tritium
1159 4882 1213 4956 Ber
1250 4876 1724 4961 campanensium
1742 4877 1947 4944 wadbu-
