4259 5592
463 340 752 485 erana
807 382 1237 486 rnnrrus.
1475 437 1552 516 19,

162 606 243 673 tem
261 582 464 697 Diogenes
479 577 517 620 ²⁶
532 578 659 669 censet
690 608 775 667 non
796 603 883 663 eam
909 575 1038 662 modi>
1062 578 1144 661 vim
1177 576 1341 687 habere,
1366 608 1411 671 ut
1447 588 1555 704 quast

159 699 287 786 duces
309 698 380 783 sint
401 692 453 781 ad
473 694 771 809 voluptatem&
794 690 844 774 ad
871 689 1132 776 valetudinem
1155 688 1327 799 bonam,
1348 699 1414 783 sed
1435 710 1554 791 etiam

158 836 209 899 ut
236 842 284 898 ea
306 813 555 899 contineant:
593 836 678 893 non
699 805 807 892 idern
834 801 961 889 facere
982 830 1047 889 eas
1075 806 1116 886 in
1144 809 1318 914 virtute,
1348 839 1475 926 neque
1511 819 1554 903 in

158 931 307 1015 caeteris
330 920 498 1024 artibus,
511 920 562 1008 ed
587 948 684 1034 quas
708 919 785 1004 elle
808 916 894 1002 dux
908 922 1075 1029 pecunia
1097 920 1249 1028 potell,
1266 928 1467 1021 continere
1482 959 1555 1015 au.

160 1062 244 1125 tem
265 1068 353 1125 non
368 1034 507 1148 potest
535 1039 669 1147 ltaque
688 1033 716 1118 sr
737 1033 940 1143 voluptas,
964 1053 1032 1117 aut
1057 1031 1085 1116 st
1107 1031 1215 1119 bona
1238 1035 1423 1126 valetudo
1444 1043 1488 1127 sit
1515 1047 1557 1126 in

160 1151 305 1256 bonis,
323 1148 475 1235 divitias
502 1174 668 1262 quoque
688 1150 731 1232 in
760 1146 877 1234 bonis
902 1147 979 1231 effe
1032 1146 1228 1233 oncndas:
1256 1171 1323 1253 at,
1350 1151 1378 1236 li
1405 1152 1555 1265 sapien-

163 1272 218 1355 tia
241 1263 396 1354 bonum
418 1263 488 1363 stt,
515 1291 600 1347 non
624 1259 758 1377 stqui‚
779 1282 824 1346 ut
847 1265 962 1347 etiam
1013 1262 1133 1345 'vitias
1156 1257 1310 1349 bonurn
1339 1266 1414 1351 effe
1448 1266 1557 1353 dica·

167 1411 265 1468 mus
291 1384 381 1464 Nec
405 1374 456 1459 ab
471 1373 546 1459 ulla
566 1402 632 1479 re,
654 1402 745 1488 quae
766 1403 849 1462 non
871 1372 1098 1460 sitinbonis
1114 1375 1182 1479 ,id
1195 1439 1210 1481 ,
1229 1379 1343 1489 quod
1366 1380 1558 1468 litinbo-

169 1497 266 1597 nis,
297 1491 488 1579 contineri
520 1490 673 1603 potest:
700 1489 758 1575 ob
784 1495 954 1603 simque
974 1489 1155 1593 causam,
1194 1494 1286 1604 quia
1312 1494 1561 1609 cognitiones

172 1602 614 1722 comprehensionesque
641 1630 794 1708 rerunt,
814 1606 839 1690 ὲ
863 1598 1006 1717 quibus
1022 1602 1244 1691 efficiuntur
1266 1630 1392 1714 artes,
1408 1610 1561 1724 appeti-

171 1729 322 1810 tionem
338 1741 524 1817 movent3
547 1713 641 1803 ciran
657 1716 797 1805 divitia
821 1745 906 1802 non
925 1717 996 1802 lint
1012 1715 1056 1801 in
1078 1712 1219 1823 bonis,
1248 1721 1349 1808 nulla
1372 1753 1431 1811 ars
1456 1722 1565 1812 divi-

170 1832 609 1945 ssmmmffl
1471 1862 1475 1871 ·

228 1948 357 2073 Qud
374 1950 404 2033 fi
423 1944 475 2030 de
492 1945 637 2033 artibus
652 1946 941 2050 concedamus,
954 1948 1104 2044 virtutis
1124 1967 1252 2031 tamen
1269 1980 1353 2037 non
1367 1955 1412 2038 fit
1422 1952 1562 2039 eadem

171 2061 298 2164 rati03
327 2090 404 2176 pro
431 2081 533 2145 terea
558 2061 680 2172 quod⁴
696 2063 778 2148 haec
798 2062 975 2176 plurime.
991 2066 1332 2149 commentationis
1357 2068 1563 2151 &exerci-

172 2177 329 2265 tationis
352 2180 362 2198 '
421 2179 546 2289 ‘geat,
562 2174 677 2288 quod
694 2173 801 2260 idem
824 2181 866 2263 in
881 2169 1025 2261 artibus
1041 2176 1217 2261 nonsit:
1240 2176 1281 2261 &
1304 2178 1415 2288 quod
1441 2183 1562 2267 virtus

172 2290 443 2393 stabilitatem,
463 2286 708 2393 iimritatem,
729 2292 984 2375 constantiam
1007 2291 1129 2373 totius
1150 2291 1236 2374 vita
1260 2294 1565 2405 compleantur,

175 2434 248 2492 nec
265 2403 404 2509 eadem
418 2405 502 2489 haec
517 2408 558 2488 in
574 2402 719 2489 artibus
738 2404 813 2487 elle
832 2400 1045 2487 videamus.
1377 2458 1380 2467 -

229 2521 428 2631 Deinceps
450 2517 661 2626 explicatur
674 2514 887 2600 differentia
906 2544 1055 2601 rerum:
1068 2516 1228 2627 quamsi
1249 2544 1342 2602 non·
1356 2518 1470 2606 ullam
1490 2524 1566 2609 esse
1617 2588 1620 2595 .

174 2634 413 2735 diceremus,
428 2629 734 2717 confunderetur
751 2636 878 2715 omnis
897 2630 976 2726 vita
986 2696 1000 2736 ,
1011 2654 1056 2715 ut
1075 2626 1124 2713 ab
1137 2630 1337 2717 Aristone:
1352 2662 1425 2720 nec
1445 2635 1566 2721 ullum

175 2749 212 2832 sa
239 2750 365 2833 ientia
385 2773 530 2831 munus
553 2768 620 2831 aut
648 2772 751 2855 opus
772 2743 1032 2847 inveniretur,
1052 2738 1143 2826 clun
1165 2746 1262 2826 inter
1285 2770 1342 2827 res
1367 2773 1455 2852 eas,
1479 2778 1567 2862 quae

250 2865 371 2946 vitam
390 2857 610 2973 degendam
630 2862 882 2969 pertinerent,
897 2858 990 2943 nihil
1012 2860 1179 2942 omnino
1203 2860 1421 2963 intereffet,
1439 2890 1570 2975 neque

177 2975 301 3062 ullum
320 2973 510 3060 delcitum
532 2971 707 3058 adhiberi
729 2991 938 3083 oporteret
983 2978 1116 3083 ltaque
1140 2966 1232 3053 clim
1251 2973 1333 3055 latis
1352 2974 1443 3058 esset
1467 3006 1570 3060 con-

175 3089 374 3192 stitutum,
391 3088 433 3173 id
448 3087 572 3174 solum
592 3087 668 3181 ess'e
687 3084 865 3189 bontnn,
886 3084 1001 3198 quod
1020 3086 1112 3169 esset
1137 3086 1365 3189 honestum,
1379 3087 1471 3173 &id
1484 3119 1570 3173 ma-

174 3202 262 3289 lum
284 3202 432 3307 solum,
451 3200 721 3315 quodturpe:
741 3222 827 3284 tum
848 3204 946 3287 inter
966 3201 1075 3302 hac,
1096 3195 1135 3279 ὃ(
1158 3196 1216 3282 illa
1236 3226 1322 3309 que
1346 3198 1439 3284 nihil
1466 3204 1571 3289 vale-

173 3340 265 3402 rent
282 3314 333 3401 ad
353 3316 464 3405 beate
478 3318 658 3400 misereve
675 3312 912 3418 vivendum,
926 3311 1073 3427 aliquid
1091 3332 1233 3412 tamen,
1248 3338 1332 3423 quo
1350 3314 1571 3421 differrent,

174 3432 258 3516 effe
279 3430 513 3532 voluerunt,
531 3452 576 3515 ut
597 3428 720 3514 ellcnt
742 3454 882 3513 eorum
900 3427 973 3511 alia
987 3418 1231 3527 ailimabilia,
1243 3426 1313 3509 alia
1327 3433 1484 3531 contri,
1501 3430 1571 3515 alia

239 3666 345 3778 Qae
368 3678 499 3743 autem
521 3652 741 3741 aestimanda
765 3654 911 3756 effent,
931 3649 1070 3738 eorum
1087 3646 1130 3734 in
1151 3650 1230 3736 aliis
1243 3652 1325 3738 satis
1339 3656 1414 3739 esse
1431 3656 1572 3758 caula,

173 3772 443 3886 quamobrem
464 3766 696 3886 quibusdam
717 3789 1070 3879 anteponerentur,
1089 3786 1133 3849 ut
1153 3768 1194 3849 in
1216 3767 1454 3872 valetudine,
1472 3790 1515 3853 ut
1530 3772 1579 3855 in

1469 3884 1573 3966 inte·

179 4068 1566 4097 mm

170 4122 366 4191 clitonem&
377 4122 515 4202 Antipatri
526 4124 858 4205 magistrum‚magnum
891 4122 1100 4185 accommodari
1119 4122 1192 4201 polle
1220 4124 1256 4183 ad
1276 4120 1409 4183 virmtern
1430 4118 1462 4179 dc
1479 4134 1571 4193 artes,

169 4203 210 4261 &
232 4220 358 4281 gravem
383 4202 526 4279 Stoicum,
553 4205 602 4283 qui
627 4206 776 4284 aliquando
802 4206 858 4266 Ro
891 4202 1108 4265 diffimilirudine
1138 4201 1264 4264 ostendit
1285 4200 1401 4263 Dictum
1427 4198 1469 4260 eli
1489 4204 1570 4263 antee

168 4284 316 4342 mamae
326 4281 536 4348 Athenienfibu's
546 4306 613 4347 curn
626 4287 770 4348 Carneade
781 4286 857 4368 lega·
890 4306 950 4362 quae
972 4284 1071 4346 Stoicis
1085 4280 1121 4343 nl
1138 4282 1208 4359 pira
1224 4284 1373 4353 dicuntur,
1399 4272 1484 4357 depuis
1505 4273 1567 4341 aiu

165 4382 220 4424 rus
234 4362 340 4424 mistis
354 4362 411 4436 eil,
432 4366 652 4429 adolescentibus
673 4367 857 4445 Scipione&
893 4366 941 4425 αὖ
964 4363 1141 4438 mairem:
1161 4366 1197 4429 in
1220 4364 1314 4425 officiis
1340 4362 1407 4425 vere
1434 4369 1466 4421 dc
1496 4362 1571 4423 recle

167 4443 296 4516 Lario,
316 4462 348 4506 ut
361 4444 400 4505 est
421 4447 451 4507 in
466 4447 579 4510 Tuscu
601 4451 618 4507 ὲ
642 4448 782 4510 Cicerone
797 4446 859 4509 scri·
891 4446 968 4511 fastis
993 4449 1138 4509 neminem
1159 4465 1192 4506 ea
1210 4446 1353 4507 continere
1368 4442 1485 4522 poliunt.
1511 4446 1571 4505 Adi

164 4542 273 4604 ptum.
309 4528 377 4605 Erus
394 4527 558 4589 sententiam
581 4530 617 4590 de
636 4528 738 4591 divitiis
756 4535 792 4592 ad
806 4550 858 4590 ro·
893 4527 1085 4590 dictationem
1092 4568 1100 4598 ,
1113 4530 1228 4587 Bonum
1240 4546 1299 4587 non
1313 4524 1363 4585 nifi
1382 4524 1571 4595 ibonocon-

163 4606 326 4685 inputem
340 4608 373 4668 dc
389 4610 585 4673 valetudinem
606 4608 780 4691 gignendam
798 4630 858 4671 non
892 4608 974 4671 cineri
990 4608 1073 4687 polle.
1094 4608 1213 4669 Eaverd
1227 4606 1320 4670 media
1336 4625 1425 4684 neque
1442 4604 1472 4665 in
1486 4604 1570 4681 bonis
1667 4655 1673 4664 .

28 4698 32 4710 '
165 4687 466 4762 mordentibus,
481 4692 529 4753 sed
550 4691 635 4752 etiam
652 4708 684 4750 ut
693 4690 861 4752 retineantur
896 4691 965 4778 else!
977 4708 1068 4775 neque
1085 4688 1222 4771 lnpalis
1240 4691 1411 4773 Morituros,

163 4769 205 4839 ἃ
223 4766 384 4851 [ΜΨ
413 4772 477 4854 tin
498 4771 763 4861 hannibatus
789 4771 864 4852 nse.
