4259 5592
558 516 636 594 150
969 472 1081 567 DE.
1135 470 1530 566 FINIBUS

550 666 674 776 pulari
692 659 793 751 fami
804 666 827 746 2
845 660 934 747 Sine
953 686 999 751 ea
1020 658 1138 773 igitur
1157 660 1330 773 jucunde
1348 680 1464 777 negat
1495 659 1606 774 posse
1626 657 1758 746 vivere
1780 676 1794 758 ἓ
1831 668 1945 781 Qid

553 786 735 896 turpius,
760 780 879 891 quim
904 774 1097 886 sapienti&
1106 774 1226 861 vitam
1244 803 1296 892 ex
1314 777 1575 888 insipientium
1594 775 1769 862 sermone
1791 782 1945 892 pende'.

552 909 619 988 re?
641 892 752 1019 Qid
774 898 870 1005 ergo
893 891 973 974 hoc
999 888 1094 976 loco
1123 890 1295 1003 intelligit
1318 890 1564 977 honesturn?
1591 893 1709 976 Certe
1730 892 1851 997 nihil,
1873 895 1944 981 nist

550 1006 667 1121 quod
691 1006 805 1119 polstt
822 1005 953 1121 ipsum
978 1033 1054 1116 pto
1083 1028 1141 1089 tet
1164 1004 1300 1117 sejtue
1315 1003 1472 1089 laudari.
1500 1008 1606 1089 Nam
1631 1004 1658 1086 sr
1683 1027 1846 1118 propter
1866 1040 1944 1095 vo·

551 1125 764 1233 luptatem:
787 1148 873 1233 qua
896 1118 950 1201 est
969 1120 1035 1203 ista
1054 1034 1138 1202 ibus
1149 1179 1163 1222 ,
1185 1146 1274 1234 quae
1297 1120 1452 1230 posite
1472 1118 1635 1204 macello
1654 1123 1765 1230 peti?
1788 1126 1889 1207 Non
1910 1130 1943 1209 is

441 1336 447 1347 ,
479 1304 487 1315 .
551 1236 611 1321 vir
629 1240 706 1340 est,
726 1258 797 1337 ut,
823 1230 913 1317 cirin
937 1232 1176 1318 honestatem
1202 1259 1253 1317 eo
1276 1229 1368 1317 loco
1389 1226 1554 1348 habeat,
1573 1254 1617 1318 ut
1640 1232 1720 1315 sine
1743 1261 1789 1318 ea
1804 1236 1943 1345 jucun-

423 1352 427 1357 ’
551 1348 604 1437 ἀὲ
625 1374 741 1463 neget
763 1348 873 1461 polle
896 1350 1003 1451 vivi,
1023 1345 1118 1432 illud
1143 1347 1382 1449 honestum,
1407 1345 1520 1459 quod
1542 1346 1732 1459 populare
1758 1349 1832 1453 lit,
1857 1350 1943 1434 sen.

551 1466 801 1567 tiat‚&s1ne
824 1478 875 1549 eo
903 1460 1073 1572 iucunde
1097 1483 1214 1574 neget
1235 1463 1315 1546 vivi
1336 1462 1470 1573 polle:
1499 1485 1567 1545 aut
1591 1459 1810 1575 quidquam
1835 1462 1941 1549 aliud

552 1578 761 1664 honestum
780 1574 988 1689 intelligat,
1010 1575 1079 1660 nist
1105 1574 1221 1688 quod
1242 1573 1285 1660 stt
1307 1573 1692 1688 recitamipst'rmque
1712 1602 1783 1686 pet
1798 1576 1858 1680 se,¹
1875 1579 1941 1663 sua

553 1698 621 1796 vi,
644 1696 708 1777 sua
721 1691 884 1805 sponte,
904 1692 969 1775 sua
988 1688 1124 1777 naturd
1145 1684 1344 1775 laudabile.

418 1862 430 1875 2-
483 1826 564 1947 ¹}
614 1812 767 1920 ltaque,
784 1808 1008 1919 Torquate,
1023 1801 1114 1887 cirm
1128 1801 1814 1916 diceres,clamateEpicutum,non
1827 1808 1939 1916 polle

492 1890 507 1944 ¹
554 1920 727 2031 jucunde
745 1922 849 2023 vivi,
869 1919 937 2003 nist
960 1919 1148 2018 honeste,
1174 1917 1212 2002 8(
1237 1915 1448 2029 sapienter,
1477 1917 1630 2021 &juste
1651 1922 1869 2023 viveretur,
1895 1944 1940 2005 tu

552 2034 623 2148 ipsi
648 2036 743 2119 mihi
766 2030 920 2145 gloriari
945 2028 1137 2116 videbare.
1172 2034 1298 2116 Tanta
1317 2037 1375 2116 vis
1400 2036 1518 2116 inerat
1544 2032 1585 2116 in
1598 2030 1759 2136 verbis,
1781 2055 1942 2147 propter

552 2175 687 2234 earum
707 2174 864 2249 rerum,
887 2175 973 2260 qua
1002 2142 1315 2258 fignificabantur
1345 2148 1403 2230 his
1440 2140 1591 2250 verbis,
1615 2144 1870 2259 dignitatem,
1896 2174 1942 2235 ut

552 2262 663 2349 altior
686 2261 821 2364 fieres,
845 2283 890 2345 ut
913 2260 1108 2345 interdum
1140 2261 1319 2345 insisteres
1331 2323 1345 2363 ,
1368 2283 1412 2343 ut
1436 2288 1510 2344 nos
1541 2259 1722 2364 intuens,
1749 2262 1856 2373 quast
1881 2280 1941 2346 te-

553 2376 754 2461 stificarere
779 2374 923 2458 laudati
948 2373 1188 2459 honestatem
1211 2374 1250 2458 bt
1273 2374 1446 2477 justitiam
1460 2374 1671 2485 aliquando
1690 2375 1739 2458 ab
1754 2380 1939 2487 Epicuro.

554 2495 690 2613 Qabm
710 2512 748 2574 te
771 2485 933 2571 decebat
954 2486 999 2570 iis
1019 2488 1145 2571 verbis
1170 2490 1254 2589 uti,
1277 2488 1421 2597 quibus
1447 2490 1476 2572 sr
1499 2488 1722 2600 philosophi
1744 2518 1829 2574 non
1848 2513 1939 2576 ute-

554 2626 705 2706 rentur,
723 2598 970 2713 philosophia
993 2605 1161 2686 omnino
1180 2630 1263 2685 non
1286 2613 1512 2714 egeremus?
1536 2605 1696 2690 istorum
1720 2608 1825 2688 enim
1851 2632 1939 2691 ver-

555 2720 701 2803 borum
720 2743 879 2819 amore,
899 2744 985 2827 quae
1012 2718 1167 2825 perratb
1187 2714 1424 2828 appellantur
1444 2717 1494 2800 ab
1512 2721 1707 2830 Epirum,
1725 2717 1936 2830 sapientia,

554 2832 819 2934 fortitudinia,
844 2828 1012 2940 justitia,
1038 2834 1320 2939 temperantia,
1346 2830 1645 2942 praestantissuma
1671 2834 1832 2942 ingeniis
1858 2836 1936 2921 ho-

553 2952 677 3031 mines
693 2946 729 3030 se
745 2942 794 3029 ad
818 2941 1070 3057 philosophia
1092 2940 1261 3028 studium
1279 2943 1536 3029 contulerunt.

613 3062 847 3158 Oculorum,
875 3054 1001 3169 inquit
1024 3056 1134 3142 Plato
1150 3059 1199 3160 ³⁵,
1227 3057 1332 3169 estin
1352 3058 1452 3140 nobis
1460 3064 1592 3163 sensus
1612 3061 1834 3144 acernmus:
1848 3064 1940 3177 qui-

554 3178 627 3258 bus
634 3173 864 3284 fhpientiam
889 3200 959 3251 non
980 3171 1171 3256 cemimus.
1201 3172 1339 3284 Quom
1350 3174 1422 3255 illa
1441 3178 1613 3257 ardenter
1632 3206 1772 3257 amores
1791 3177 1941 3259 excita-

555 3316 613 3373 rer
639 3289 707 3393 sui
719 3350 732 3391 ,
755 3288 798 3397 fi
810 3284 1021 3371 videretur!
1050 3289 1136 3368 Cur
1156 3286 1336 3379 tandem?
1359 3316 1409 3371 an
1435 3287 1547 3401 quod
1568 3288 1622 3372 ita
1637 3287 1769 3374 callida
1790 3290 1845 3372 est
1858 3292 1940 3394 ,ut

556 3402 706 3518 optime
727 3400 839 3511 possit
858 3398 1095 3483 architeslari
1118 3399 1361 3511 voluptates?
1380 3406 1467 3486 Cur
1484 3402 1617 3509 justitia
1643 3403 1851 3487 laudatur?
1870 3430 1941 3490 aut

556 3516 662 3611 unde
685 3514 738 3599 est
759 3516 838 3599 boc
859 3514 1072 3597 contritum
1090 3514 1275 3600 vetustate
1294 3516 1569 3626 proverbium?
1597 3520 1762 3627 Qicum
1779 3518 1812 3558 ³⁶
1825 3520 1867 3598 in
1879 3541 1942 3600 te-

556 3632 687 3719 nebris.
716 3632 809 3713 Hoc
833 3624 982 3709 ditium
1006 3624 1047 3707 in
1069 3656 1209 3712 unare
1228 3629 1394 3716 latissime
1413 3653 1542 3742 patet:
1568 3651 1613 3715 ut
1626 3636 1665 3714 in
1682 3629 1865 3719 omnibus
1880 3633 1943 3718 fa-

554 3752 626 3847 etis
643 3772 707 3848 re,
727 3769 810 3827 non
829 3744 919 3825 tefie
941 3767 1180 3828 moveamur.
1858 3758 1862 3763 “

1840 3890 1947 3971 Sunt

553 4036 1937 4069 ,Μ

555 4096 684 4176 Noster)
704 4097 769 4159 facit
787 4096 818 4158 id
836 4098 913 4173 quod
930 4114 1011 4174 turpe
1029 4096 1085 4167 est,
1109 4096 1228 4174 negando
1262 4096 1325 4159 ante
1336 4097 1541 4180 dixemt,erid
1551 4120 1620 4159 nunc
1630 4097 1728 4175 honus?
1738 4099 1824 4159 dicit?
1835 4102 1947 4162 ide'mm

550 4177 608 4255 fine
615 4181 732 4261 populari
747 4176 824 4259 fhmd
827 4178 967 4259 sapientem
979 4180 1095 4249 inormi
1107 4178 1173 4259 poffe
1184 4183 1227 4237 vi·
1263 4183 1332 4260 quod
1349 4185 1463 4254 joorndc‘
1483 4184 1498 4243 ἓ
1517 4184 1673 4241 Ponetur.

557 4278 630 4317 verr.
651 4260 725 4319 Hinc
738 4264 809 4321 bene
828 4256 973 4320 concludit
982 4258 1085 4318 Cicero
1102 4258 1227 4335 ,Epicu
1305 4280 1352 4339 35.
1376 4264 1466 4335 Plato]
1485 4266 1519 4322 ln
1530 4262 1655 4322 Phae'dro.
1674 4256 1749 4326 Vide
1765 4258 1829 4321 Cic.
1843 4264 1882 4324 de
1891 4262 1948 4323 or:

554 4357 621 4409 rum
644 4360 701 4401 non
719 4340 796 4404 aliud
819 4340 947 4419 honestum
970 4340 1152 4439 intelligere,
1177 4338 1226 4398 nis
1263 4339 1340 4402 fiel.
1355 4360 1378 4415 5.

554 4423 633 4495 ,quod
654 4420 817 4499 retransit,
844 4442 874 4479 ac
893 4416 944 4499 sud
972 4440 1068 4481 nonita
1091 4421 1225 4481 moult.
1306 4439 1353 4503 36.
1373 4426 1527 4505 Qicumio
1541 4423 1672 4494 tenebris]
1691 4422 1778 4483 Deell
1790 4425 1948 4501 verbum,

557 4502 601 4557 En
612 4499 720 4563 sensum
739 4500 811 4572 loci,
834 4501 864 4559 ni
882 4500 980 4574 fallor,
1000 4503 1225 4579 Ciceronemque
1264 4509 1349 4564 mices.
1367 4506 1451 4567 Certe*
1469 4505 1499 4563 in
1520 4503 1656 4582 ejusmodi
1678 4502 1848 4583 proverbiis,
1873 4526 1950 4567 mos

554 4582 613 4660 jam
637 4580 686 4641 sun
707 4602 787 4642 more
802 4582 917 4659 pulchre
933 4584 1061 4661 reditque
1079 4602 1227 4664 argumen-
1263 4584 1302 4643 est
1324 4583 1457 4648 Ciceroni
1476 4584 1568 4664 prima
1577 4584 1687 4645 tantbm
1702 4588 1785 4647 verba
1802 4583 1951 4662 proferre,

554 4676 660 4722 tantem
681 4658 687 4723 !
706 4662 828 4733 Quodsi
849 4684 917 4723 cum
939 4663 1058 4745 vulgaris
1084 4664 1228 4726 codicibus
1262 4667 1337 4739 qubd
1360 4667 1451 4728 statim
1470 4668 1575 4744 reliqua
1594 4665 1683 4727 tacita
1711 4686 1773 4727 tum
1794 4665 1953 4748 intellige-

553 4740 683 4819 legamus
706 4742 803 4819 handle*
825 4748 902 4811 vivi,
920 4744 969 4822 nfi
983 4746 1082 4823 honest&
1099 4749 1231 4813 vivatur,
1262 4763 1363 4809 rentur.
1384 4752 1451 4810 Erat
1474 4766 1569 4811 autem
1583 4746 1633 4807 illa
1649 4745 1803 4827 digitorum
1821 4747 1955 4813 nuntio

554 4822 711 4899 ,torvideo
726 4820 848 4891 hoc-effe
868 4820 1036 4907 consequeus
1049 4843 1151 4905 eorum
1170 4844 1229 4903 quae
1259 4825 1321 4905 ludi
1332 4833 1536 4923 genuupuod
1556 4827 1713 4913 digitorum
1734 4826 1957 4975 cidffimzaere-

570 4942 572 4949 ·
1883 4932 1956 4978 one
