4259 5592
542 426 618 531 582
800 406 910 499 nn
966 411 1361 502 urruns
1417 405 1811 503 onolton

597 600 903 717 Atqueneceffe
933 596 1215 706 est‚ci1msmt
1241 595 1324 700 dii,
1351 596 1379 681 fi
1403 595 1533 685 modo
1552 598 1645 704 sint,
1674 621 1720 685 ut
1749 597 1925 711 profete

466 704 650 846 '’liunt,
674 721 886 801 animantes
910 718 1007 819 elle,
1027 744 1100 804 nec
1121 716 1246 802 sotum
1278 716 1518 818 animantes,
1543 713 1609 798 sed
1632 718 1750 798 etiam
1774 718 1929 800 rationis

472 798 493 873 3
538 856 772 947 compotes,
801 835 897 916 inter
910 833 1028 946 lilque
1043 833 1149 946 quasi
1170 829 1278 923 civili,
1294 827 1569 913 conciliatione
1581 830 1629 915 &'
1641 828 1823 914 societate
1832 856 1931 914 eon-

533 952 713 1067 junelos,
739 975 865 1033 unum
895 947 1117 1052 mundum,
1143 968 1187 1031 ut
1212 970 1466 1031 communem
1505 943 1787 1059 rempublicam
1816 967 1931 1057 atque

536 1060 674 1151 urbem
690 1060 863 1174 aliquam
888 1085 1076 1175 regentes.
1103 1065 1310 1174 Sequitur,
1327 1081 1371 1144 ut
1396 1059 1533 1143 eadem
1553 1060 1597 1145 stt
1615 1063 1658 1147 in
1677 1061 1767 1164 his,
1791 1064 1931 1173 quaein

534 1206 678 1296 genere
706 1180 908 1280 humano,
930 1182 1031 1263 ratio
1043 1243 1055 1284 ,
1080 1176 1219 1261 eadem
1239 1179 1378 1260 veritas
1401 1176 1434 1216 ‘²
1452 1170 1665 1287 utrobique
1684 1175 1750 1278 stt,
1774 1172 1930 1259 osddn·

536 1324 617 1413 que
643 1294 724 1379 lex:
752 1312 839 1409 qu‘ae
868 1293 921 1376 est
943 1291 1036 1377 teeti
1062 1296 1273 1407 preceptio
1285 1354 1298 1394 ,
1323 1292 1510 1403 pravique
1532 1289 1721 1401 depulsio.
1763 1294 1820 1374 Ex
1845 1316 1930 1402 quo

535 1408 778 1525 intelligitur,
805 1406 1050 1520 prudentiam
1075 1404 1263 1523 quoque,
1284 1406 1324 1492 8(
1343 1409 1555 1493 mentetua
1584 1403 1658 1490 diis
1678 1404 1737 1489 ad·
1754 1404 1932 1491 homines

537 1525 773 1645 pervenill'e:
806 1518 860 1607 ob
887 1527 1055 1639 eimque
1075 1524 1226 1609 causam
1252 1520 1444 1633 majorum
1465 1520 1641 1606 institutis
1660 1550 1793 1624 mens,
1815 1520 1932 1625 fides,

537 1648 687 1743 virtus,
709 1636 952 1744 concordia,
974 1638 1201 1724 consecrata
1230 1636 1269 1721 8(
1301 1634 1456 1749 publice
1481 1632 1668 1721 dedicate
1692 1638 1789 1723 seuit
1830 1644 1932 1759 Qra

538 1760 608 1871 qul
621 1752 807 1840 convenit
821 1780 941 1865 penes
959 1754 1058 1839 deos
1068 1755 1154 1845 ,elle
1177 1777 1342 1865 negare,
1360 1746 1609 1839 cumeorum
1626 1752 1934 1866 augustalitlan-

537 1872 600 1957 &a
626 1867 824 1953 simulacra
859 1880 1115 1959 veneremur?
1148 1866 1276 1973 Quod
1304 1866 1333 1951 si
1370 1868 1468 1950 inest
1492 1871 1532 1951 in
1558 1868 1769 1952 hominum
1794 1890 1936 1981 genere

537 2012 672 2087 mens,
701 1983 824 2085 fides,
844 1985 993 2088 virtus,
1012 1977 1252 2069 concordia:
1274 1979 1383 2065 unde
1407 1986 1493 2069 hec
1515 1985 1715 2086 intereas,
1734 1982 1800 2065 nili
1820 1988 1843 2067 t
1863 1977 1932 2066 su·

539 2097 667 2219 peris,
688 2097 863 2182 defluere
882 2102 1132 2213 potuerunt?
1154 2102 1346 2211 Cumque
1369 2098 1413 2181 fit
1436 2096 1479 2182 in
1497 2093 1614 2183 nobis
1633 2095 1934 2200 consummma-

539 2215 622 2318 tio,
643 2210 873 2327 prudentia:
898 2214 1047 2298 necelle
1077 2214 1156 2314 est,
1179 2210 1277 2297 deos
1302 2214 1387 2297 haec
1407 2212 1486 2325 ipsa
1512 2209 1654 2297 hebere
1676 2214 1822 2325 nujora
1836 2238 1933 2317 ,nee
1963 2282 1966 2287 .

543 2329 685 2417 habere
713 2326 839 2414 sotum
850 2391 863 2431 ,
895 2326 959 2413 sed
987 2332 1103 2413 etiam
1126 2328 1184 2412 his
1204 2326 1262 2410 uti
1290 2332 1329 2410 in
1355 2328 1533 2411 maximis
1558 2327 1604 2410 δι’
1628 2332 1790 2441 optimis
1812 2320 1934 2412 rebus

542 2442 651 2535 Nihil
676 2464 805 2528 autem
830 2442 885 2527 est
909 2444 1147 2557 ommatius,
1174 2466 1247 2526 nec
1267 2440 1403 2526 melius
1426 2441 1592 2527 mundo.
1620 2445 1787 2529 Neceffe
1810 2442 1937 2530 estet*

544 2562 714 2679 gneum
737 2556 906 2643 deorum
929 2557 1153 2644 consilio&
1174 2554 1423 2668 providentii
1447 2556 1710 2645 administrari.

603 2672 804 2760 Postremo
825 2678 923 2785 crim
947 2670 1030 2758 latis
1049 2672 1328 2777 docuerimus,
1352 2674 1428 2758 hos
1449 2677 1527 2759 effe
1544 2673 1666 2779 deos,
1687 2702 1858 2787 quorum
1874 2675 1938 2757 in-

546 2790 694 2903 signem
715 2792 799 2873 vim
823 2789 862 2874 ἃ
887 2787 1065 2874 illustrem
1087 2790 1226 2881 faciem
1246 2786 1490 2895 videremus,
1516 2790 1634 2877 solem
1654 2790 1771 2892 dion,
1803 2790 1845 2872 8(
1874 2786 1938 2871 Ιιι-

547 2932 662 3007 nam,
685 2904 856 3017 &vagas
879 2902 1020 3008 stellas,
1045 2904 1086 2989 ἃ
1102 2909 1336 3008 inerrantes,
1355 2905 1394 2989 8(
1421 2904 1584 3008 calum,
1619 2907 1659 2990 &
1689 2902 1884 2989 mundum
1903 2905 1939 2987 i·

547 3017 724 3135 psum&
747 3043 878 3103 earum
903 3044 1029 3104 rerum
1057 3022 1167 3123 vim,
1187 3048 1277 3131 quae
1296 3022 1457 3107 inelient
1476 3026 1516 3107 in
1541 3023 1653 3107 omni
1677 3018 1835 3105 mundo
1848 3044 1941 3102 cum

546 3162 694 3247 magno
720 3132 788 3217 usu
819 3132 1162 3221 &commoditate
1186 3136 1339 3248 generis
1360 3138 1547 3223 humani:
1581 3136 1749 3221 efficitur
1760 3198 1775 3241 ‚
1810 3137 1941 3219 omnia

548 3252 632 3363 regi
656 3244 788 3333 divini
812 3271 941 3334 mente
960 3272 1079 3366 atque
1102 3241 1359 3362 providentii„
1388 3244 1446 3337 Ac
1468 3251 1519 3336 de
1540 3256 1665 3369 prima
1678 3250 1841 3367 quidem
1851 3276 1940 3361 par·

547 3384 587 3447 te
612 3362 694 3448 satis
718 3359 867 3449 dietum
901 3364 966 3449 eli.
1081 3448 1089 3459 ,
1479 3418 1483 3425 -
1632 3448 1638 3455 .
1888 3406 1893 3414 ·

479 3532 536 3545 -
591 3481 814 3591 Sequitur,
837 3503 881 3565 ut
901 3478 1097 3589 doceam,
1117 3483 1252 3591 omnia
1275 3480 1439 3593 subjeila
1462 3483 1541 3567 elie
1562 3504 1727 3585 nauta,
1752 3478 1938 3594 ealqueab
1966 3564 1971 3567 .

484 3580 533 3667 3²
553 3618 600 3685 ea
621 3591 878 3705 pulcherrime
904 3594 996 3709 regi.
1026 3594 1102 3681 Sed
1123 3593 1220 3709 quid
1245 3596 1288 3681 sit
1313 3594 1393 3708 ipsa
1420 3622 1578 3702 natura,
1597 3594 1875 3707 explicandum
1888 3593 1941 3678 est

552 3710 643 3795 ante
668 3707 833 3795 breviter
845 3770 859 3811 ‚
881 3716 965 3825 quo
992 3709 1140 3797 facilius
1158 3710 1222 3814 id,
1252 3711 1369 3826 quod
1396 3711 1541 3799 docere
1572 3712 1785 3815 volumus,
1807 3708 1941 3795 intelli-

552 3828 591 3949 gi
618 3823 750 3940 politti
769 3827 957 3939 Nimque
975 3824 1036 3911 alii
1059 3848 1234 3913 naturam
1257 3827 1409 3913 eenl'ent
1441 3830 1517 3913 effe
1538 3832 1617 3913 vim
1642 3826 1945 3942 quandamsrne

552 3942 728 4053 ratione,
752 3943 918 4029 cientem
943 3963 1076 4029 motus
1098 3946 1140 4027 in
1167 3941 1403 4063 corporibus
1423 3944 1674 4031 neceffarios:
1697 3941 1758 4028 alii
1780 3966 1946 4077 autem,

1860 4084 1943 4139 vim

542 4263 555 4289 x
599 4258 644 4313 5²·
666 4246 772 4313 Eadem,
785 4248 910 4314 vertras]
933 4244 967 4303 id
983 4243 1023 4305 est
1037 4246 1156 4313 ,eadem
1166 4262 1238 4325 eog-
1270 4263 1367 4322 quens.
1385 4246 1516 4318 Tullius,
1535 4248 1619 4306 Acad-
1639 4248 1679 4306 11.
1689 4260 1743 4327 cap.
1759 4266 1776 4315 7
1786 4286 1796 4315 ,
1818 4244 1872 4305 ubi
1886 4248 1945 4305 Lu·

553 4321 623 4383 nitio
653 4325 782 4385 veritaris.
837 4324 916 4386 Clrm
935 4323 1040 4387 littam
1058 4326 1134 4387 varia
1155 4323 1238 4386 bonis
1271 4327 1362 4388 cultus
1384 4328 1511 4389 adversus
1533 4348 1640 4389 novam
1656 4327 1843 4389 Academiam
1857 4326 1951 4405 dispo·

555 4402 733 4482 scriptoribus
763 4406 889 4483 acceptio
917 4412 1056 4477 unitatis,
1077 4428 1135 4469 non
1150 4406 1237 4469 rideo
1270 4426 1397 4479 tat,non
1406 4411 1486 4471 aliter
1496 4431 1605 4471 nornen
1616 4414 1735 4470 witois
1747 4410 1875 4487 accipere
1888 4426 1951 4487 por·

554 4505 612 4563 quo
631 4486 691 4549 alio
709 4487 785 4553 senlu
796 4488 851 4551 dici
862 4487 1018 4553 commode
1035 4488 1237 4566 pomparum
1271 4489 1316 4551 uit
1332 4491 1362 4551 in
1379 4491 1421 4550 his
1440 4492 1555 4554 Luculli
1570 4491 1663 4553 verbis
1683 4510 1695 4552 τ
1722 4498 1765 4550 Ira
1780 4493 1813 4570 est
1831 4496 1951 4551 marm

554 4574 755 4630 teneritatem
768 4574 803 4657 in
823 4572 874 4630 diis
892 4610 901 4641 ,
919 4590 977 4651 qno
995 4571 1028 4657 ejl
1045 4577 1073 4631 in
1084 4574 1238 4631 hominibu-
1252 4566 1257 4636 l
1271 4576 1300 4631 itt
1316 4571 1432 4653 setrfibru
1450 4573 1567 4643 veritas,
1579 4570 1722 4654 fidsam'
1733 4573 1868 4653 tmere.
1878 4574 1951 4633 Nou

607 4666 741 4711 cautem
763 4650 840 4711 vocis
857 4650 1106 4731 potestas,ranretli
1125 4650 1238 4712 nonest
1253 4639 1257 4695 ¹
1272 4653 1353 4716 aliter
1376 4653 1499 4729 Fabius,
1518 4654 1588 4716 cum
1617 4676 1653 4717 eu
1676 4658 1871 4732 quorumdam
1888 4654 1951 4714 sm-

556 4728 710 4811 primaria,
734 4752 793 4792 non
819 4732 859 4793 est
884 4752 980 4797 tamen
1004 4730 1175 4813 inprobatis
1191 4754 1240 4794 au·
1254 4724 1375 4805 leontia,
1394 4759 1480 4817 quarn
1501 4757 1560 4799 uon
1585 4738 1698 4817 penitus
1715 4736 1879 4816 improbat,
1895 4739 1954 4798 do·

557 4811 705 4891 turibus,
726 4813 810 4913 inque
832 4816 983 4881 communi
1003 4814 1133 4883 sermone
1158 4799 1472 4890 infrolsetlib.‚XII.
1494 4837 1554 4902 rap
1576 4842 1602 4883 ι.
1620 4818 1815 4906 polle-ritum
1834 4822 1953 4915 irone*

1820 4902 1952 4982 dulm-
