4259 5592
562 448 643 560 3st
876 418 1670 524 TUSQQLANARUM

558 646 684 737 quarn
709 608 1489 732 saeptjatnanimiiut'entionedixieffe
1513 604 1961 715 firmndminomnr

561 764 706 855 genere
728 733 764 819 se
788 729 1017 845 aequabilem
1034 728 1213 845 prebeat
1231 733 1351 843 'Saepe
1370 728 1477 813 enirn
1500 723 1642 831 muiti,
1660 726 1733 840 qui
1762 748 1832 813 aut
1862 756 1960 841 pto-

564 876 652 969 pter
673 848 846 937 visioriae
874 845 1129 961 cupiditatem
1140 908 1156 952 ,
1181 860 1435 1043 atptupropter
1455 840 1609 956 gioria,
1626 856 1695 929 a'ut
1708 840 1890 969 etiamut
1904 844 1960 956 ‘prs

558 969 676 1059 ‚suun
698 964 737 1052 bt
756 959 968 1051 libertatem
993 984 1191 1065 tenerent,
1281 984 1372 1044 nera
1397 979 1637 1071 excepenurt
1655 958 1807 1047 fornter
1833 959 1876 1047 ὃ(
1898 981 1962 1047 tu·

564 1080 715 1186 lerunt,
742 1077 861 1165 iidem
886 1080 1023 1165 omissit
1046 1076 1301 1165 contentione
1319 1072 1500 1161 dolorem
1513 1069 1647 1159 morbi
1657 1072 1754 1159 ferre
1767 1104 1854 1161 non
1869 1072 1961 1189 pos

569 1194 668 1282 sunt.
697 1201 843 1395 ΝἩιιε
866 1192 970 1279 enim
994 1193 1102 1279 illum
1114 1254 1129 1298 ,
1151 1218 1271 1307 quem
1294 1187 1404 1277 facite
1428 1188 1615 1295 tulerant,
1636 1192 1789 1277 ratione
1812 1212 1884 1279 aut
1906 1188 1962 1276 st-

597 1306 712 1397 renni
733 1333 748 1396 t

562 1340 661 1513 flam
685 1426 725 1512 &
751 1422 939 1509 immanes
963 1423 1068 1511 seno
1092 1422 1288 1508 decertare
1308 1422 1494 1510 acerrimi
1507 1418 1963 1536 possunttaegrotarevi-

568 1540 683 1629 riliter
703 1568 786 1628 non
807 1559 970 1655 queunt
999 1538 1125 1627 Graeci
1145 1562 1276 1625 autem
1292 1539 1475 1625 homines
1497 1566 1581 1624 non
1600 1535 1683 1623 satis
1706 1531 1963 1641 admoustd

568 1652 807 1769 prudentes,
828 1676 874 1740 ut
896 1655 1097 1770 estcaptus
1116 1656 1325 1743 homimum
1337 1716 1352 1758 ,
1365 1651 1477 1758 satis,
1497 1654 1652 1741 hostem
1671 1650 1963 1765 adspicercnon

630 1770 751 1857 ffunt:
766 1768 895 1855 eidem
905 1771 1071 1858 morbos
1082 1770 1287 1859 toleranter
1301 1791 1420 1886 atque
1431 1769 1604 1857 hamne
1613 1767 1754 1857 serunt
1780 1773 1834 1855 At
1851 1769 1965 1854 Cirn-

569 1800 633 1972 iii
654 1887 694 1969 8(
709 1882 896 1971 Celtiberi
923 1889 964 1971 in
989 1884 1125 1999 praeiiis
1148 1884 1357 1990 eisdam,
1382 1882 1636 1973 lamentantur
1654 1888 1698 1971 in
1716 1878 1888 1971 morbo:
1905 1884 1965 1971 ni-

564 1999 761 2201 ,ἒῐΙγεηὶιη
785 2000 914 2113 potest
935 2004 1011 2088 effe
1032 1998 1246 2116 aeqrabite,
1266 1998 1383 2115 quod
1412 2030 1498 2090 non
1523 2006 1548 2090 d
1571 2020 1675 2089 certa
1694 1998 1845 2087 ratione
1863 2025 1967 2111 pro·

603 2145 638 2203 n
653 2137 771 2203 catur.
982 2172 985 2179 -

563 2300 567 2307 .
629 2228 707 2317 Sed
726 2235 822 2317 crim
842 2232 977 2319 videas
989 2294 1004 2338 ,
1025 2224 1130 2338 bos,
1146 2236 1227 2349 qui
1260 2252 1328 2319 aut
1351 2229 1482 2319 sbtdio
1506 2252 1574 2319 aut
1592 2228 1787 2345 opinione
1813 2226 1969 2316 dumn-

571 2362 661 2450 tut,
689 2350 729 2431 in
750 2374 801 2467 eo
821 2348 1094 2464 persequendo
1116 2371 1236 2464 atque
1253 2344 1507 2461 adipiscendo
1529 2344 1671 2435 dolore
1695 2360 1786 2432 'non
1819 2340 1969 2457 frangi:

572 2456 717 2546 debeas
736 2461 980 2567 existimare,
1012 2485 1079 2548 aut
1103 2492 1188 2553 non
1211 2464 1288 2551 effe
1309 2463 1457 2550 malum
1474 2461 1687 2566 dolorem,
1713 2483 1812 2564 aut,
1830 2463 1967 2547 etiam·

503 2680 506 2687 .
572 2574 602 2661 sr
612 2636 627 2680 ,
647 2572 845 2691 quidquid
864 2576 1041 2691 asperum
1058 2578 1351 2695 alienitmqued
1379 2601 1515 2667 mtura
1534 2577 1604 2682 fit,
1626 2572 1669 2662 id
1687 2575 1870 2690 appellari
1882 2572 1967 2689 pia-

573 2713 659 2777 ceat
677 2690 852 2799 malum,
871 2692 1063 2782 tantillum
1088 2717 1219 2781 tamen
1242 2693 1340 2799 esse,
1364 2698 1445 2782 uti
1463 2696 1603 2781 virtute
1628 2695 1682 2779 ita
1696 2690 1969 2795 obnutur,ut

788 1332 923 1415 erant,
948 1308 1013 1394 sed
1038 1307 1170 1395 studio
1183 1298 1374 1422 potiits&
1395 1302 1529 1420 gloria.
1555 1311 1692 1419 ltaque
1709 1303 1966 1420 barbariqui·
2110 1359 2111 1366 Ν

572 2805 764 2922 nusquam
784 2832 977 2922 appareat.
1006 2818 1109 2932 Qra
1135 2808 1347 2914 meditare,
1369 2809 1532 2923 quaso,
1555 2807 1639 2895 dies
1665 2806 1877 2898 &nosses
1895 2808 1970 2891 La·
2111 2851 2112 2854 κ

572 2925 652 3009 tius
672 2927 776 3009 enim
797 2921 968 3011 manabit
984 2924 1255 3029 haecratio‚&
1276 2921 1476 3038 aliquantb
1489 2922 1675 3034 majorem
1692 2922 1828 3011 iocum
1849 2923 1972 3037 quim
2111 2935 2112 3008 ζ

574 3032 626 3121 de
650 3066 734 3129 uno
762 3036 902 3125 dolore
925 3042 1147 3153 occupabit
1175 3044 1283 3127 Nam
1308 3038 1336 3127 sr
1363 3043 1499 3126 omnia
1523 3036 1721 3155 fugienda
1756 3034 1969 3151 turpitudi·
2111 3035 2112 3100 Γ

571 3155 659 3258 nis,
676 3149 1015 3269 adipiscenda'tque
1038 3156 1247 3244 honestatis
1273 3152 1391 3245 causi
1413 3155 1624 3259 iaciemus,
1648 3182 1731 3240 non
1755 3151 1886 3239 modi>
1908 3154 1971 3237 iii·

574 3266 703 3357 mulos
721 3264 897 3375 doloris,
917 3267 1117 3357 sedetiam
1137 3270 1299 3358 sttlrnina
1316 3271 1483 3357 fortuna
1506 3293 1803 3355 contemnamus
1823 3264 1968 3371 iicebit,

484 3462 487 3469 .
574 3386 781 3496 prasertim
806 3380 898 3471 cirm
922 3410 1101 3499 paratum
1121 3388 1166 3475 fit
1186 3385 1280 3473 iilud
1300 3415 1350 3474 ex
1374 3387 1547 3473 hesterna
1562 3384 1823 3500 disputatione
1836 3380 1971 3495 persu·

573 3498 694 3615 gium
724 3504 778 3589 Ut
802 3506 908 3589 enim
936 3502 1053 3591 srcui
1077 3507 1299 3619 naviganti,
1321 3530 1442 3618 quem
1467 3500 1675 3615 predones
1693 3499 1971 3696 ἰηίεςιιαηὲυτ,

930 3638 939 3649 “
1898 3639 1967 3698 eus

573 3856 739 4001 aaran
753 3860 1256 4012 tenu
1282 3854 1568 4012 torma
1588 3856 1971 4032 startias:

576 4038 622 4098 ²3.
636 4042 683 4096 ²4·
703 4021 905 4085 Plutarchusin
921 4022 1049 4085 Conviv.
1063 4023 1171 4104 septem
1180 4024 1246 4104 Sap.
1285 4040 1388 4107 operam
1415 4020 1514 4102 daiiffit
1553 4023 1610 4083 Hic
1640 4021 1728 4103 igitur
1750 4021 1920 4101 discipulum
1937 4038 1971 4082 ιι

574 4101 694 4164 Ovidius
712 4104 784 4165 ran
801 4106 840 4167 11.
853 4110 900 4187 83.
922 4106 978 4167 διε.
999 4108 1088 4167 loun.
1284 4104 1436 4167 crastinum
1454 4107 1492 4167 ad
1516 4102 1628 4167 doadi
1647 4101 1877 4165 exercitationem
1897 4102 1970 4163 iori-

618 4204 632 4263 3
636 4204 665 4255 9·
688 4188 759 4267 Equi
776 4185 872 4271 Pelopis
892 4188 929 4250 db·
954 4192 1103 4272 Neptunii]
1124 4186 1246 4267 Pelops,
1285 4205 1333 4249 tat.
1354 4192 1419 4249 Cras
1442 4190 1477 4249 ad
1494 4188 1646 4270 ciapfidram
1665 4184 1793 4247 dicemus
1816 4202 1899 4247 more
1916 4205 1971 4246 no-

574 4279 607 4325 ut
624 4264 848 4345 Hippodamiam
866 4288 988 4332 uxorem
1007 4271 1138 4341 duceret,
1158 4290 1245 4349 equos
1286 4268 1342 4331 stro
1361 4290 1371 4340 3
1382 4269 1422 4349 βε
1450 4273 1521 4330 errim
1544 4272 1683 4335 dirimere
1703 4268 1762 4328 hut
1785 4266 1878 4328 nostra
1896 4266 1972 4345 ratio

571 4344 659 4408 alatos
692 4350 709 4408 a
742 4350 882 4429 Neptuno
908 4350 1048 4414 serebatur
1082 4350 1245 4431 impetrasse
1286 4350 1336 4413 est.
1362 4350 1489 4413 Davisius
1519 4352 1606 4422 verb,
1627 4352 1759 4421 darm,
1781 4347 1859 4409 sentit
1887 4348 1974 4410 valde

571 4426 705 4491 Pindarus
721 4428 838 4513 Olymp.
850 4434 873 4493 Ι.
895 4454 962 4513 139.
981 4431 1125 4497 Pausanias
1145 4434 1196 4499 lib.
1209 4440 1246 4502 V.
1286 4436 1454 4497 commodo.
1486 4438 1526 4495 dic
1551 4436 1622 4494 enim
1640 4436 1754 4493 didm
1773 4428 1896 4491 fiduros
1915 4429 1972 4493 dfe

569 4528 631 4589 cap.
652 4532 697 4583 17.
718 4510 776 4574 &n
795 4516 885 4577 luen.
1286 4534 1356 4588 uos,
1371 4516 1404 4577 dr
1420 4514 1501 4577 diem
1514 4514 1670 4596 parituros.
1689 4516 1790 4575 Nemo
1800 4530 1917 4590 quaet,
1933 4530 1970 4574 o·

579 4666 587 4677 ⁸
611 4614 662 4667 40.
684 4597 955 4687 sirenimdrnimo]
979 4595 1248 4679 Itaprimariaequa·
1286 4596 1574 4679 pinor‚quand6nam
1589 4597 1621 4660 id
1640 4597 1744 4658 Cicero
1762 4594 1904 4672 amicique
1925 4592 1973 4656 di-

569 4686 636 4733 tuor
655 4674 793 4737 editiones
810 4678 916 4739 nostrae.
956 4678 1014 4742 Sed
1030 4680 1189 4753 Bubetios,
1205 4684 1246 4743 di·
1286 4680 1387 4743 xerint.
1417 4679 1489 4742 Satis
1509 4679 1550 4743 en
1576 4679 1625 4741 bic
1650 4676 1797 4761 significan·
1821 4676 1901 4738 brisso
1927 4674 1975 4739 di-

570 4757 652 4813 cimus
672 4777 682 4819 r
702 4776 793 4833 neque
808 4758 838 4820 id
847 4760 997 4833 recusabit,
1009 4762 1057 4840 qui
1078 4762 1248 4839 meminerit,
1285 4763 1367 4825 &um
1386 4784 1395 4823 t
1415 4761 1603 4841 nequeenim
1618 4761 1718 4824 omnia
1735 4758 1884 4839 perscripta
1898 4756 1974 4830 fient,

570 4834 933 4923 qamsupncap.3.dnn
947 4844 1250 4927 Ttdlitnfimuenff
1286 4866 1348 4928 que
1363 4843 1421 4909 iilis
1442 4847 1543 4913 diebus
1559 4844 1592 4907 in
1611 4841 1774 4929 rossanam
1793 4842 1851 4909 diei
1867 4858 1975 4924 ponte·
