4259 5592
477 451 650 558 ·4n
859 372 1657 530 ruscunruruuu

564 633 688 746 major
712 631 764 713 est
783 620 907 714 ineis
929 625 1141 740 praestantia
1159 626 1201 712 8t
1227 624 1427 730 divinior,
1453 624 1505 710 eo
1527 622 1674 734 miore
1694 620 1872 742 indigent
1897 623 1959 710 di-

566 742 732 863 ligential.
762 751 896 860 ltaque
927 743 1028 826 bene
1053 737 1228 828 adhibita
1258 745 1358 829 ratio
1377 742 1524 843 cernit,
1546 736 1646 852 quid
1674 744 1873 854 optimum
1890 741 1960 839 sta

476 919 485 938 ·
564 861 761 976 negleeia,
784 860 913 947 multis
937 857 1156 973 implicatur
1175 857 1384 944 erroribua
1857 943 1864 954 ,

622 975 684 1063 Ad
703 996 742 1060 te
769 978 887 1092 igitur
907 974 1004 1059 milri
1024 972 1101 1085 jam
1124 971 1389 1061 convertenda
1414 972 1543 1058 omnis
1566 974 1694 1058 oratio
1726 971 1791 1058 ert
1830 977 1961 1060 Simu-

561 1088 615 1176 las
640 1094 746 1176 enim
769 1116 940 1204 quarere
965 1113 1006 1175 te
1028 1086 1081 1174 de
1107 1085 1303 1205 sapiente:
1322 1092 1460 1203 quatis
1494 1108 1627 1172 autem
1651 1085 1806 1174 sortasse
1828 1088 1885 1172 de
1913 1110 1960 1174 te

560 1209 703 1292 Eanum
725 1207 843 1320 igitur
871 1199 1235 1320 perturbationum,
1259 1222 1358 1318 quas
1384 1199 1574 1314 exposui,
1598 1206 1710 1288 varia
1735 1203 1822 1289 suut
1847 1233 1963 1289 cura-

560 1318 701 1407 tiones.
730 1325 835 1407 Nam
859 1345 989 1432 neque
1016 1323 1149 1406 omnis
1172 1318 1364 1436 agritudo
1393 1315 1472 1404 uni
1501 1320 1652 1404 ratione
1676 1316 1838 1404 sedatur.
1856 1399 1861 1406 .
1880 1319 1962 1406 Alia

559 1437 615 1520 est
638 1439 743 1520 enim
762 1437 936 1550 lugenti,
964 1433 1036 1520 alia
1060 1433 1274 1539 miseranti,
1298 1433 1370 1521 alia
1394 1431 1583 1519 invidenti
1614 1430 1839 1522 adhibenda
1855 1463 1962 1536 ,me-

468 1544 473 1566 ”
561 1549 703 1636 dicina.
733 1551 795 1636 Eli
816 1555 933 1638 etiam
956 1554 999 1636 in
1024 1548 1212 1638 omnibus
1234 1573 1407 1666 quatuor
1432 1543 1790 1663 perturbationibus
1816 1549 1880 1636 illa
1900 1550 1961 1636 di-

558 1665 741 1770 liindio,
763 1671 897 1752 utrum
924 1663 974 1751 ad
999 1665 1215 1751 universam
1244 1664 1606 1780 perturbationem,
1631 1691 1722 1778 quae
1735 1665 1791 1750 est
1804 1662 1959 1781 adsper-

472 1795 478 1833 ‘·
559 1783 669 1868 natio
692 1779 880 1887 rationis,
909 1803 976 1867 aut
994 1781 1191 1896 appetitus
1214 1783 1509 1883 vehementior,
1533 1807 1584 1864 au
1615 1778 1667 1863 ad
1696 1780 1884 1896 singulas,
1916 1801 1958 1868 ut

473 1917 476 1924 ’
555 1893 607 1982 ad
634 1917 808 2001 metum,
834 1894 1062 2002 libidinem,
1082 1896 1326 2012 reliquisque
1351 1889 1486 1982 meliirs
1507 1893 1740 1983 adhibeatur
1752 1897 1958 1984 oratioe&

557 2015 693 2098 utrritn
718 2011 867 2098 illbdne
898 2041 982 2098 non
1002 2007 1182 2098 videatur
1212 2013 1315 2128 aegre
1336 2010 1568 2115 ferendum,
1597 2037 1647 2096 ex
1678 2039 1760 2125 quo
1784 2011 1957 2125 strscepta

555 2128 604 2212 srt
627 2125 848 2240 aegritudo,
873 2155 923 2213 an
944 2131 1126 2214 omnium
1154 2153 1284 2214 rerum
1303 2125 1473 2214 tollenda
1493 2123 1663 2213 omnino
1687 2127 1956 2239 agritudozut

555 2243 584 2328 li
608 2246 698 2354 quis
724 2245 825 2357 agre
847 2243 967 2347 ferat,
993 2241 1030 2326 se
1051 2269 1267 2358 pauperem
1287 2243 1365 2328 esse
1376 2305 1392 2348 ,
1416 2240 1506 2327 idne
1532 2241 1728 2357 disputes,
1748 2264 1956 2355 pauperta-

553 2379 635 2442 tem
662 2356 808 2442 malum
843 2387 928 2444 non
953 2359 1055 2443 esse:
1084 2387 1136 2444 an
1163 2359 1365 2445 hominem
1387 2359 1488 2474 agre
1520 2356 1619 2442 ferre
1647 2355 1742 2442 nihil
1762 2379 1954 2470 oportere

553 2470 754 2560 Nimirum
781 2473 864 2558 lroc
883 2471 1021 2562 nreliur
1041 2503 1052 2559 ε
1076 2499 1152 2578 ne,
1173 2473 1202 2556 st
1223 2474 1324 2562 forte
1350 2470 1403 2556 de
1415 2494 1643 2587 paupertate
1663 2500 1748 2558 non
1768 2471 1956 2582 persuase-

553 2587 629 2689 ris,
657 2588 702 2674 srt
724 2585 944 2712 egritudini
958 2587 1290 2676 concedendum:
1312 2585 1540 2701 egritudine
1549 2610 1681 2676 autem
1705 2581 1846 2672 sublati
1857 2615 1954 2701 pro·

550 2704 646 2812 priis
664 2699 912 2807 rationibus,
941 2701 1086 2818 quibus
1119 2703 1201 2790 beri
1221 2705 1279 2790 uli
1303 2703 1465 2808 sumus,
1479 2701 1658 2818 quodam
1682 2700 1812 2790 modo
1837 2699 1952 2788 etiam

550 2821 790 2930 paupertatis
814 2817 961 2908 malum
978 2821 1015 2864 ²*
1029 2818 1189 2907 tolitur.

474 2941 535 3054 fg
608 2931 684 3018 Sed
715 2936 844 3020 omnis
865 2931 1055 3044 ejusmodi
1074 2933 1318 3048 perturbatio
1334 2933 1457 3020 animi
1480 2933 1699 3048 placatione
1713 2932 1892 3036 abluatur
1912 2931 1953 3019 il-

547 3045 582 3132 la
604 3046 795 3160 quidem,
824 3052 923 3134 curn
943 3048 1091 3136 doceas
1103 3112 1117 3154 ,
1141 3075 1216 3135 nec
1240 3047 1398 3138 bonum
1419 3049 1514 3135 illud
1546 3053 1650 3154 else,
1672 3077 1723 3142 ‚ex
1747 3079 1837 3166 quo
1868 3047 1954 3149 lati-

550 3163 604 3247 tia
627 3185 697 3249 aut
722 3160 847 3250 libido
872 3167 1047 3264 oriatur,
1072 3191 1146 3250 nec
1159 3163 1498 3281 malum,exquo
1513 3189 1581 3252 aut
1599 3179 1728 3255 r'rrerus
1736 3229 1751 3271 ,
1765 3187 1835 3254 aut
1848 3169 1953 3277 agri·

549 3274 664 3363 tudo.
695 3283 975 3374 Verumtamen
1000 3281 1085 3366 baee
1098 3279 1163 3364 est
1189 3306 1294 3369 certa
1317 3279 1536 3396 &propria
1554 3281 1725 3386 sanatio,
1746 3281 1774 3369 sr
1799 3278 1952 3384 doceas,

544 3391 643 3502 ipsas
664 3391 983 3504 perturbationes
1009 3423 1081 3508 per
1102 3395 1139 3480 se
1158 3397 1236 3482 else
1257 3397 1440 3501 uitiosis,
1465 3422 1538 3483 nee
1556 3391 1700 3484 habere
1730 3393 1949 3510 quidquam

546 3527 614 3590 aut
638 3505 839 3611 natur-ale,
867 3533 935 3594 aut
964 3509 1240 3599 necessarium:
1263 3533 1308 3596 ut
1322 3510 1443 3626 ipbrn
1460 3510 1734 3625 aegrirudmem
1760 3509 1870 3598 leniri
1895 3512 1952 3596 vi·

547 3617 721 3726 demus,
747 3617 838 3706 ciurr
863 3621 1073 3738 objicimur
1100 3625 1356 3713 nonnemo
1385 3623 1688 3714 imbecilitatem
1709 3628 1831 3712 animi
1842 3624 1953 3710 effre·

547 3735 714 3840 minati,
740 3744 921 3851 ebnrque
947 3767 1089 3826 eorum
1108 3747 1337 3855 gravitatem
1356 3745 1696 3854 constantiamque
1722 3738 1951 3842 laudamus,

545 3853 616 3963 qui
635 3859 722 3938 no'n
746 3850 969 3962 turbulenti
997 3855 1169 3942 humana
1187 3860 1394 3972 patiantur.
1435 3857 1564 3982 and
1584 3854 1748 3972 quidem
1779 3852 1876 3942 solet
1900 3857 1953 3942 eis

539 3969 661 4066 etiam
685 3965 884 4070 accidere,
910 3967 981 4083 qui
1000 3965 1063 4055 illa
1078 3970 1181 4056 rrrala
1201 3972 1278 4057 erse
1302 3969 1483 4076 censent,
1509 3969 1670 4064 ferenda
1689 3995 1821 4061 tamen
1835 3999 1953 4173 aquo

544 4085 678 4166 animo
702 4081 942 4170 arbitrantur.
973 4089 1092 4171 Putat
1118 4084 1167 4170 ali
1197 4091 1259 4170 uis
1290 4088 1367 4177 esse
1392 4086 1635 4202 uoluptatem
1657 4085 1837 4178 bonurn:
1862 4091 1953 4174 a'us

542 4217 672 4280 autem
692 4202 902 4326 pecuniam
918 4221 1075 4304 :tamen
1099 4199 1186 4302 &il
1247 4199 1299 4292 ab
1322 4205 1642 4317 intemperantia,
1663 4202 1781 4295 &hie
1795 4200 1848 4292 ab
1863 4231 1953 4333 ava·

1866 4343 1949 4404 ntra

583 4451 1935 4503 Ἦ

584 4527 630 4598 aq.
650 4489 809 4592 Paarperratis
824 4511 936 4577 malum
944 4489 1064 4597 tollirpul
1080 4492 1152 4579 Non
1167 4499 1227 4596 pla}
1262 4518 1309 4580 sed
1318 4520 1429 4599 prorsus
1449 4521 1572 4582 omnino
1585 4522 1756 4606 paupertatis
1777 4523 1952 4585 malumrol
2079 4554 2080 4583 3

538 4579 586 4643 cet'
609 4587 682 4650 rllud
697 4599 855 4688 purpuratis
881 4597 981 4688 malqm
1002 4617 1012 4656 a
1032 4596 1140 4677 quippe
1161 4598 1229 4661 alie
1261 4601 1338 4662 lietu.
1367 4605 1568 4678 Quamobrem
1593 4625 1653 4668 uon
1678 4625 1750 4666 auro
1767 4625 1868 4667 conua
1891 4627 1953 4665 cara

365 4725 378 4755 e
543 4685 616 4725 num
635 4669 675 4727 est
700 4675 735 4736 ab
752 4675 807 4734 bac
825 4675 1039 4771 drspumuorre3
1069 4682 1229 4753 concedere
1261 4679 1302 4743 ed
1327 4683 1447 4748 Pahrini
1467 4685 1574 4748 codicis
1594 4685 1702 4758 terrio,
1720 4707 1810 4767 quam
1827 4689 1953 4749 Gebhar»

539 4765 735 4848 Piul’ssfflfssm
752 4755 804 4822 effi·
826 4759 939 4840 mlrrm
958 4785 966 4817 ··
986 4761 1132 4844 dandos
1154 4769 1230 4858 egri·
1262 4765 1315 4860 dua
1332 4785 1493 4858 memorat,
1512 4772 1591 4840 eriam
1604 4775 1766 4864 paupertatis
1773 4790 1888 4863 ‘nornen
1908 4769 1956 4829 tol·

537 4830 601 4896 trado
614 4853 721 4912 amum
728 4833 833 4916 sableta
851 4825 902 4916 lit,
922 4861 982 4906 uon
1010 4847 1225 4928 quodamnodo,
1260 4848 1332 4918 latur.
1351 4847 1511 4916 ramme
1531 4875 1540 4910 .·
1562 4859 1635 4914 natu
1652 4872 1702 4938 qur
1721 4851 1795 4916 nabal
1811 4850 1957 4995 defidennffitlr
