<?xml version="1.0" encoding="UTF-8"?>
<!DOCTYPE html PUBLIC "-//W3C//DTD XHTML 1.0 Transitional//EN"
    "http://www.w3.org/TR/xhtml1/DTD/xhtml1-transitional.dtd">
<html xmlns="http://www.w3.org/1999/xhtml" xml:lang="en" lang="en">
 <head>
  <title>
</title>
<meta http-equiv="Content-Type" content="text/html;charset=utf-8" />
  <meta name='ocr-system' content='tesseract 3.04.00' />
  <meta name='ocr-capabilities' content='ocr_page ocr_carea ocr_par ocr_line ocrx_word'/>
</head>
<body>
  <div class='ocr_page' id='page_1' title='image "./opera00cicegoog/opera00cicegoog_0627.png"; bbox 0 0 4259 5592; ppageno 0'>
   <div class='ocr_carea' id='block_1_1' title="bbox 354 386 1658 508">
    <p class='ocr_par' dir='ltr' id='par_1_1' title="bbox 354 386 1658 508">
     <span class='ocr_line' id='line_1_1' title="bbox 354 386 1658 508; baseline 0 -26"><span class='ocrx_word' id='word_1_1' title='bbox 354 396 360 406; x_wconf 78' lang='grc'><strong>’</strong></span> <span class='ocrx_word' id='word_1_2' title='bbox 478 386 1277 483; x_wconf 66' lang='grc' dir='ltr'>’ῑΙΒΕΚΤΕΚΤῙῸᾶ</span> <span class='ocrx_word' id='word_1_3' title='bbox 1506 406 1658 508; x_wconf 78' lang='lat'>625·</span> 
     </span>
    </p>
   </div>
   <div class='ocr_carea' id='block_1_2' title="bbox 143 561 1701 3195">
    <p class='ocr_par' dir='ltr' id='par_1_2' title="bbox 188 561 1701 2309">
     <span class='ocr_line' id='line_1_2' title="bbox 192 561 1591 695; baseline -0.005 -24"><span class='ocrx_word' id='word_1_4' title='bbox 192 580 352 687; x_wconf 77' lang='lat' dir='ltr'><strong>onsnin,</strong></span> <span class='ocrx_word' id='word_1_5' title='bbox 381 606 473 695; x_wconf 81' lang='lat' dir='ltr'><strong>quae</strong></span> <span class='ocrx_word' id='word_1_6' title='bbox 501 579 614 686; x_wconf 82' lang='lat' dir='ltr'><strong>sunt,</strong></span> <span class='ocrx_word' id='word_1_7' title='bbox 643 582 666 667; x_wconf 82' lang='grc' dir='ltr'>ὲ</span> <span class='ocrx_word' id='word_1_8' title='bbox 698 563 843 695; x_wconf 85' lang='lat' dir='ltr'><strong>quibus</strong></span> <span class='ocrx_word' id='word_1_9' title='bbox 866 584 1006 667; x_wconf 71' lang='lat' dir='ltr'><strong>cuntia</strong></span> <span class='ocrx_word' id='word_1_10' title='bbox 1031 578 1237 683; x_wconf 81' lang='lat' dir='ltr'><strong>constant,</strong></span> <span class='ocrx_word' id='word_1_11' title='bbox 1261 561 1457 663; x_wconf 74' lang='lat' dir='ltr'>mutabilia</span> <span class='ocrx_word' id='word_1_12' title='bbox 1480 576 1591 681; x_wconf 89' lang='lat' dir='ltr'><strong>sunt;</strong></span> 
     </span>
     <span class='ocr_line' id='line_1_3' title="bbox 192 691 1591 811; baseline -0.002 -28"><span class='ocrx_word' id='word_1_13' title='bbox 192 698 342 783; x_wconf 91' lang='lat' dir='ltr'><strong>nullum</strong></span> <span class='ocrx_word' id='word_1_14' title='bbox 355 698 605 810; x_wconf 66' lang='lat' dir='ltr'><strong>corpus‘elk</strong></span> <span class='ocrx_word' id='word_1_15' title='bbox 626 700 755 811; x_wconf 87' lang='lat' dir='ltr'><strong>potcll</strong></span> <span class='ocrx_word' id='word_1_16' title='bbox 775 726 860 783; x_wconf 93' lang='lat' dir='ltr'><strong>non</strong></span> <span class='ocrx_word' id='word_1_17' title='bbox 883 695 1082 786; x_wconf 86' lang='lat' dir='ltr'><strong>mutabile.</strong></span> <span class='ocrx_word' id='word_1_18' title='bbox 1122 691 1321 784; x_wconf 86' lang='lat' dir='ltr'><strong>Mutabilia</strong></span> <span class='ocrx_word' id='word_1_19' title='bbox 1347 716 1476 779; x_wconf 84' lang='lat' dir='ltr'><strong>autem</strong></span> <span class='ocrx_word' id='word_1_20' title='bbox 1504 694 1591 780; x_wconf 89' lang='lat' dir='ltr'><strong>sunt</strong></span> 
     </span>
     <span class='ocr_line' id='line_1_4' title="bbox 191 807 1592 924; baseline -0.003 -27"><span class='ocrx_word' id='word_1_21' title='bbox 191 812 253 897; x_wconf 82' lang='lat' dir='ltr'><strong>illa</strong></span> <span class='ocrx_word' id='word_1_22' title='bbox 261 838 278 916; x_wconf 79' lang='lat'><strong>2,</strong></span> <span class='ocrx_word' id='word_1_23' title='bbox 300 838 349 896; x_wconf 84' lang='lat' dir='ltr'><strong>ex</strong></span> <span class='ocrx_word' id='word_1_24' title='bbox 370 810 517 924; x_wconf 88' lang='lat' dir='ltr'><strong>quibus</strong></span> <span class='ocrx_word' id='word_1_25' title='bbox 532 815 670 898; x_wconf 81' lang='lat' dir='ltr'><strong>omnia</strong></span> <span class='ocrx_word' id='word_1_26' title='bbox 688 815 870 900; x_wconf 86' lang='lat' dir='ltr'><strong>constant</strong></span> <span class='ocrx_word' id='word_1_27' title='bbox 884 826 902 916; x_wconf 80' lang='lat'><strong>‚&#39;</strong></span> <span class='ocrx_word' id='word_1_28' title='bbox 917 834 962 895; x_wconf 91' lang='lat' dir='ltr'><strong>ut</strong></span> <span class='ocrx_word' id='word_1_29' title='bbox 981 808 1096 899; x_wconf 90' lang='lat' dir='ltr'><strong>vobis</strong></span> <span class='ocrx_word' id='word_1_30' title='bbox 1115 807 1280 896; x_wconf 90' lang='lat' dir='ltr'><strong>videtur.</strong></span> <span class='ocrx_word' id='word_1_31' title='bbox 1309 815 1443 896; x_wconf 85' lang='lat' dir='ltr'>Omne</span> <span class='ocrx_word' id='word_1_32' title='bbox 1473 810 1592 923; x_wconf 83' lang='lat' dir='ltr'><strong>igitur</strong></span> 
     </span>
     <span class='ocr_line' id='line_1_5' title="bbox 192 923 1591 1041; baseline -0.003 -29"><span class='ocrx_word' id='word_1_33' title='bbox 192 955 340 1040; x_wconf 78' lang='lat' dir='ltr'><strong>corpus</strong></span> <span class='ocrx_word' id='word_1_34' title='bbox 356 923 543 1011; x_wconf 84' lang='lat' dir='ltr'><strong>mutabile</strong></span> <span class='ocrx_word' id='word_1_35' title='bbox 565 927 629 1033; x_wconf 86' lang='lat' dir='ltr'><strong>eli.</strong></span> <span class='ocrx_word' id='word_1_36' title='bbox 657 934 709 1015; x_wconf 88' lang='lat' dir='ltr'><strong>At</strong></span> <span class='ocrx_word' id='word_1_37' title='bbox 732 931 762 1014; x_wconf 87' lang='lat' dir='ltr'><strong>st</strong></span> <span class='ocrx_word' id='word_1_38' title='bbox 782 932 1041 1041; x_wconf 77' lang='lat' dir='ltr'><strong>esset&#39;cotpus</strong></span> <span class='ocrx_word' id='word_1_39' title='bbox 1063 924 1227 1037; x_wconf 85' lang='lat' dir='ltr'>aliquod</span> <span class='ocrx_word' id='word_1_40' title='bbox 1251 924 1489 1029; x_wconf 85' lang='lat' dir='ltr'><strong>immortale,</strong></span> <span class='ocrx_word' id='word_1_41' title='bbox 1507 954 1591 1010; x_wconf 92' lang='lat' dir='ltr'><strong>non</strong></span> 
     </span>
     <span class='ocr_line' id='line_1_6' title="bbox 192 1038 1590 1154; baseline 0.002 -30"><span class='ocrx_word' id='word_1_42' title='bbox 192 1044 286 1126; x_wconf 81' lang='lat' dir='ltr'><strong>erret</strong></span> <span class='ocrx_word' id='word_1_43' title='bbox 309 1067 430 1126; x_wconf 87' lang='lat' dir='ltr'><strong>omne</strong></span> <span class='ocrx_word' id='word_1_44' title='bbox 452 1038 648 1126; x_wconf 83' lang='lat' dir='ltr'><strong>mutabile.</strong></span> <span class='ocrx_word' id='word_1_45' title='bbox 677 1047 731 1127; x_wconf 86' lang='lat' dir='ltr'><strong>lta</strong></span> <span class='ocrx_word' id='word_1_46' title='bbox 755 1044 948 1146; x_wconf 82' lang='lat' dir='ltr'><strong>efficitur,</strong></span> <span class='ocrx_word' id='word_1_47' title='bbox 970 1067 1013 1128; x_wconf 95' lang='lat' dir='ltr'><strong>ut</strong></span> <span class='ocrx_word' id='word_1_48' title='bbox 1037 1068 1157 1127; x_wconf 89' lang='lat' dir='ltr'><strong>omne</strong></span> <span class='ocrx_word' id='word_1_49' title='bbox 1179 1071 1325 1154; x_wconf 89' lang='lat' dir='ltr'><strong>corpus</strong></span> <span class='ocrx_word' id='word_1_50' title='bbox 1350 1040 1511 1125; x_wconf 84' lang='lat' dir='ltr'>mortale</span> <span class='ocrx_word' id='word_1_51' title='bbox 1537 1042 1590 1127; x_wconf 82' lang='lat' dir='ltr'><strong>stt.</strong></span> 
     </span>
     <span class='ocr_line' id='line_1_7' title="bbox 194 1159 1591 1273; baseline 0 -32"><span class='ocrx_word' id='word_1_52' title='bbox 194 1159 349 1241; x_wconf 82' lang='lat' dir='ltr'><strong>Etenim</strong></span> <span class='ocrx_word' id='word_1_53' title='bbox 371 1181 492 1242; x_wconf 88' lang='lat' dir='ltr'><strong>omne</strong></span> <span class='ocrx_word' id='word_1_54' title='bbox 506 1184 655 1269; x_wconf 89' lang='lat' dir='ltr'><strong>corpus</strong></span> <span class='ocrx_word' id='word_1_55' title='bbox 677 1180 745 1243; x_wconf 86' lang='lat' dir='ltr'><strong>aut</strong></span> <span class='ocrx_word' id='word_1_56' title='bbox 762 1186 891 1273; x_wconf 84' lang='lat' dir='ltr'><strong>aqua,</strong></span> <span class='ocrx_word' id='word_1_57' title='bbox 909 1181 976 1243; x_wconf 85' lang='lat' dir='ltr'><strong>aut</strong></span> <span class='ocrx_word' id='word_1_58' title='bbox 990 1162 1059 1243; x_wconf 77' lang='lat' dir='ltr'><strong>air</strong></span> <span class='ocrx_word' id='word_1_59' title='bbox 1070 1218 1083 1261; x_wconf 93' lang='lat'>,</span> <span class='ocrx_word' id='word_1_60' title='bbox 1101 1168 1168 1239; x_wconf 84' lang='lat' dir='ltr'><strong>&#39;aut</strong></span> <span class='ocrx_word' id='word_1_61' title='bbox 1190 1160 1314 1271; x_wconf 85' lang='lat' dir='ltr'><strong>ignis,</strong></span> <span class='ocrx_word' id='word_1_62' title='bbox 1326 1178 1397 1261; x_wconf 84' lang='lat' dir='ltr'><strong>aut</strong></span> <span class='ocrx_word' id='word_1_63' title='bbox 1417 1162 1591 1261; x_wconf 86' lang='lat' dir='ltr'><strong>tetraest,</strong></span> 
     </span>
     <span class='ocr_line' id='line_1_8' title="bbox 188 1267 1681 1387; baseline 0.001 -32"><span class='ocrx_word' id='word_1_64' title='bbox 188 1293 261 1355; x_wconf 84' lang='lat' dir='ltr'><strong>aut</strong></span> <span class='ocrx_word' id='word_1_65' title='bbox 276 1268 318 1353; x_wconf 91' lang='lat' dir='ltr'><strong>id</strong></span> <span class='ocrx_word' id='word_1_66' title='bbox 330 1267 476 1384; x_wconf 81' lang='lat' dir='ltr'><strong>,quod</strong></span> <span class='ocrx_word' id='word_1_67' title='bbox 492 1271 546 1354; x_wconf 85' lang='lat' dir='ltr'><strong>eli</strong></span> <span class='ocrx_word' id='word_1_68' title='bbox 560 1298 789 1358; x_wconf 81' lang='lat' dir='ltr'><strong>concretum</strong></span> <span class='ocrx_word' id='word_1_69' title='bbox 810 1294 872 1355; x_wconf 77' lang='lat' dir='ltr'><strong>cx&#39;</strong></span> <span class='ocrx_word' id='word_1_70' title='bbox 891 1274 972 1377; x_wconf 84' lang='lat' dir='ltr'><strong>his,</strong></span> <span class='ocrx_word' id='word_1_71' title='bbox 993 1296 1062 1356; x_wconf 88' lang='lat' dir='ltr'><strong>aut</strong></span> <span class='ocrx_word' id='word_1_72' title='bbox 1083 1298 1131 1355; x_wconf 85' lang='lat' dir='ltr'><strong>ex</strong></span> <span class='ocrx_word' id='word_1_73' title='bbox 1156 1270 1283 1385; x_wconf 86' lang='lat' dir='ltr'><strong>aliqua</strong></span> <span class='ocrx_word' id='word_1_74' title='bbox 1307 1292 1415 1387; x_wconf 81' lang='lat' dir='ltr'><strong>pane</strong></span> <span class='ocrx_word' id='word_1_75' title='bbox 1437 1298 1587 1357; x_wconf 82' lang='lat' dir='ltr'><strong>eorum</strong></span> <span class='ocrx_word' id='word_1_76' title='bbox 1680 1300 1681 1305; x_wconf 60' lang='lat'>‘</span> 
     </span>
     <span class='ocr_line' id='line_1_9' title="bbox 192 1384 1701 1503; baseline 0.003 -34"><span class='ocrx_word' id='word_1_77' title='bbox 192 1388 354 1470; x_wconf 83' lang='lat' dir='ltr'><strong>Horum</strong></span> <span class='ocrx_word' id='word_1_78' title='bbox 379 1408 510 1469; x_wconf 83' lang='lat' dir='ltr'><strong>autem</strong></span> <span class='ocrx_word' id='word_1_79' title='bbox 536 1384 632 1471; x_wconf 83' lang='lat' dir='ltr'>nihil</span> <span class='ocrx_word' id='word_1_80' title='bbox 651 1388 732 1500; x_wconf 68' lang='lat' dir='ltr'><strong>est,</strong></span> <span class='ocrx_word' id='word_1_81' title='bbox 757 1392 855 1503; x_wconf 90' lang='lat' dir='ltr'><strong>quin</strong></span> <span class='ocrx_word' id='word_1_82' title='bbox 879 1390 1060 1475; x_wconf 79' lang='lat' dir='ltr'><strong>intereat·</strong></span> <span class='ocrx_word' id='word_1_83' title='bbox 1079 1388 1185 1473; x_wconf 84' lang='lat' dir='ltr'><strong>Nam</strong></span> <span class='ocrx_word' id='word_1_84' title='bbox 1205 1386 1456 1472; x_wconf 85' lang='lat' dir='ltr'><strong>&amp;terrenum</strong></span> <span class='ocrx_word' id='word_1_85' title='bbox 1470 1414 1590 1474; x_wconf 91' lang='lat' dir='ltr'><strong>omne</strong></span> <span class='ocrx_word' id='word_1_86' title='bbox 1696 1390 1701 1394; x_wconf 80' lang='grc'><strong>’</strong></span> 
     </span>
     <span class='ocr_line' id='line_1_10' title="bbox 191 1497 1589 1615; baseline 0.004 -34"><span class='ocrx_word' id='word_1_87' title='bbox 191 1497 404 1602; x_wconf 84' lang='lat' dir='ltr'><strong>dividitur,</strong></span> <span class='ocrx_word' id='word_1_88' title='bbox 425 1501 464 1585; x_wconf 88' lang='lat'>&amp;</span> <span class='ocrx_word' id='word_1_89' title='bbox 485 1502 630 1587; x_wconf 88' lang='lat' dir='ltr'><strong>humor</strong></span> <span class='ocrx_word' id='word_1_90' title='bbox 652 1501 707 1585; x_wconf 83' lang='lat' dir='ltr'><strong>ita</strong></span> <span class='ocrx_word' id='word_1_91' title='bbox 729 1504 855 1587; x_wconf 88' lang='lat' dir='ltr'><strong>mollis</strong></span> <span class='ocrx_word' id='word_1_92' title='bbox 879 1502 957 1605; x_wconf 84' lang='lat' dir='ltr'><strong>cst,</strong></span> <span class='ocrx_word' id='word_1_93' title='bbox 982 1526 1026 1589; x_wconf 91' lang='lat' dir='ltr'><strong>ut</strong></span> <span class='ocrx_word' id='word_1_94' title='bbox 1049 1500 1417 1615; x_wconf 76' lang='lat' dir='ltr'><strong>facile&#39;comprimi,</strong></span> <span class='ocrx_word' id='word_1_95' title='bbox 1442 1500 1589 1586; x_wconf 89' lang='lat' dir='ltr'><strong>collidi-</strong></span> 
     </span>
     <span class='ocr_line' id='line_1_11' title="bbox 191 1612 1590 1731; baseline 0.006 -37"><span class='ocrx_word' id='word_1_96' title='bbox 191 1638 272 1725; x_wconf 92' lang='lat' dir='ltr'><strong>quc</strong></span> <span class='ocrx_word' id='word_1_97' title='bbox 298 1614 422 1727; x_wconf 75' lang='lat' dir='ltr'><strong>polin.</strong></span> <span class='ocrx_word' id='word_1_98' title='bbox 456 1612 562 1724; x_wconf 86' lang='lat' dir='ltr'><strong>lgnis</strong></span> <span class='ocrx_word' id='word_1_99' title='bbox 587 1619 707 1719; x_wconf 80' lang='lat' dir='ltr'><strong>verb,</strong></span> <span class='ocrx_word' id='word_1_100' title='bbox 729 1619 768 1702; x_wconf 76' lang='lat' dir='ltr'><strong>bt</strong></span> <span class='ocrx_word' id='word_1_101' title='bbox 792 1623 859 1702; x_wconf 69' lang='lat' dir='ltr'><strong>air</strong></span> <span class='ocrx_word' id='word_1_102' title='bbox 881 1622 990 1702; x_wconf 90' lang='lat' dir='ltr'><strong>omni</strong></span> <span class='ocrx_word' id='word_1_103' title='bbox 1016 1615 1183 1728; x_wconf 85' lang='lat' dir='ltr'><strong>impulsu</strong></span> <span class='ocrx_word' id='word_1_104' title='bbox 1209 1616 1384 1701; x_wconf 73' lang='lat' dir='ltr'><strong>facillime</strong></span> <span class='ocrx_word' id='word_1_105' title='bbox 1413 1614 1590 1731; x_wconf 84' lang='lat' dir='ltr'><strong>pellitur,</strong></span> 
     </span>
     <span class='ocr_line' id='line_1_12' title="bbox 191 1727 1667 1844; baseline 0.004 -32"><span class='ocrx_word' id='word_1_106' title='bbox 191 1732 412 1840; x_wconf 80' lang='lat' dir='ltr'><strong>natutltque</strong></span> <span class='ocrx_word' id='word_1_107' title='bbox 424 1728 569 1813; x_wconf 86' lang='lat' dir='ltr'>cedens</span> <span class='ocrx_word' id='word_1_108' title='bbox 586 1733 643 1814; x_wconf 77' lang='lat' dir='ltr'><strong>eli</strong></span> <span class='ocrx_word' id='word_1_109' title='bbox 664 1735 832 1816; x_wconf 76' lang='lat' dir='ltr'><strong>maxime</strong></span> <span class='ocrx_word' id='word_1_110' title='bbox 850 1727 1131 1844; x_wconf 75' lang='lat' dir='ltr'><strong>&amp;diffipabilie</strong></span> <span class='ocrx_word' id='word_1_111' title='bbox 1161 1736 1344 1818; x_wconf 79' lang='lat' dir='ltr'><strong>Praetcrca</strong></span> <span class='ocrx_word' id='word_1_112' title='bbox 1360 1735 1494 1817; x_wconf 88' lang='lat' dir='ltr'><strong>omnia</strong></span> <span class='ocrx_word' id='word_1_113' title='bbox 1508 1734 1591 1817; x_wconf 79' lang='lat' dir='ltr'><strong>hec</strong></span> <span class='ocrx_word' id='word_1_114' title='bbox 1662 1775 1667 1784; x_wconf 93' lang='lat'><strong>·</strong></span> 
     </span>
     <span class='ocr_line' id='line_1_13' title="bbox 190 1840 1590 1961; baseline 0.001 -31"><span class='ocrx_word' id='word_1_115' title='bbox 190 1865 277 1930; x_wconf 88' lang='lat' dir='ltr'><strong>tum</strong></span> <span class='ocrx_word' id='word_1_116' title='bbox 302 1846 523 1948; x_wconf 85' lang='lat' dir='ltr'><strong>intereunt,</strong></span> <span class='ocrx_word' id='word_1_117' title='bbox 543 1840 636 1928; x_wconf 81' lang='lat' dir='ltr'><strong>citm</strong></span> <span class='ocrx_word' id='word_1_118' title='bbox 653 1848 694 1929; x_wconf 93' lang='lat' dir='ltr'><strong>in</strong></span> <span class='ocrx_word' id='word_1_119' title='bbox 713 1869 888 1931; x_wconf 82' lang='lat' dir='ltr'><strong>naturam</strong></span> <span class='ocrx_word' id='word_1_120' title='bbox 915 1847 1025 1933; x_wconf 86' lang='lat' dir='ltr'><strong>aliam</strong></span> <span class='ocrx_word' id='word_1_121' title='bbox 1047 1868 1354 1932; x_wconf 87' lang='lat' dir='ltr'><strong>convertuntur:</strong></span> <span class='ocrx_word' id='word_1_122' title='bbox 1383 1844 1496 1961; x_wconf 89' lang='lat' dir='ltr'><strong>quod</strong></span> <span class='ocrx_word' id='word_1_123' title='bbox 1517 1845 1590 1952; x_wconf 84' lang='lat' dir='ltr'><strong>fit,</strong></span> 
     </span>
     <span class='ocr_line' id='line_1_14' title="bbox 190 1955 1591 2073; baseline 0.004 -31"><span class='ocrx_word' id='word_1_124' title='bbox 190 1955 287 2073; x_wconf 84' lang='lat' dir='ltr'><strong>cinn</strong></span> <span class='ocrx_word' id='word_1_125' title='bbox 314 1977 414 2041; x_wconf 85' lang='lat' dir='ltr'><strong>terta</strong></span> <span class='ocrx_word' id='word_1_126' title='bbox 433 1960 476 2040; x_wconf 92' lang='lat' dir='ltr'><strong>in</strong></span> <span class='ocrx_word' id='word_1_127' title='bbox 495 1986 640 2071; x_wconf 85' lang='lat' dir='ltr'><strong>aquam</strong></span> <span class='ocrx_word' id='word_1_128' title='bbox 665 1960 700 2044; x_wconf 88' lang='lat' dir='ltr'><strong>se</strong></span> <span class='ocrx_word' id='word_1_129' title='bbox 722 1965 855 2065; x_wconf 85' lang='lat' dir='ltr'><strong>verrit,</strong></span> <span class='ocrx_word' id='word_1_130' title='bbox 884 1962 923 2045; x_wconf 89' lang='lat'>&amp;</span> <span class='ocrx_word' id='word_1_131' title='bbox 948 1966 1044 2045; x_wconf 81' lang='lat' dir='ltr'><strong>cum</strong></span> <span class='ocrx_word' id='word_1_132' title='bbox 1067 1988 1117 2044; x_wconf 87' lang='lat' dir='ltr'><strong>ex</strong></span> <span class='ocrx_word' id='word_1_133' title='bbox 1145 1988 1248 2073; x_wconf 85' lang='lat' dir='ltr'><strong>aqua</strong></span> <span class='ocrx_word' id='word_1_134' title='bbox 1281 1964 1404 2046; x_wconf 90' lang='lat' dir='ltr'><strong>oritur</strong></span> <span class='ocrx_word' id='word_1_135' title='bbox 1429 1966 1523 2065; x_wconf 75' lang='lat' dir='ltr'><strong>air,</strong></span> <span class='ocrx_word' id='word_1_136' title='bbox 1552 1964 1591 2048; x_wconf 78' lang='lat' dir='ltr'><strong>bt</strong></span> 
     </span>
     <span class='ocr_line' id='line_1_15' title="bbox 191 2074 1589 2189; baseline 0.001 -30"><span class='ocrx_word' id='word_1_137' title='bbox 191 2078 288 2159; x_wconf 79' lang='lat' dir='ltr'><strong>cum</strong></span> <span class='ocrx_word' id='word_1_138' title='bbox 313 2098 364 2154; x_wconf 86' lang='lat' dir='ltr'><strong>ex</strong></span> <span class='ocrx_word' id='word_1_139' title='bbox 389 2075 479 2155; x_wconf 76' lang='lat' dir='ltr'><strong>aire</strong></span> <span class='ocrx_word' id='word_1_140' title='bbox 506 2074 622 2159; x_wconf 78' lang='lat' dir='ltr'><strong>ether</strong></span> <span class='ocrx_word' id='word_1_141' title='bbox 634 2136 648 2179; x_wconf 87' lang='lat'><strong>,</strong></span> <span class='ocrx_word' id='word_1_142' title='bbox 671 2079 848 2189; x_wconf 86' lang='lat' dir='ltr'><strong>ct&#39;unque</strong></span> <span class='ocrx_word' id='word_1_143' title='bbox 877 2074 1015 2160; x_wconf 82' lang='lat' dir='ltr'><strong>cadent</strong></span> <span class='ocrx_word' id='word_1_144' title='bbox 1038 2074 1197 2161; x_wconf 84' lang='lat' dir='ltr'><strong>viciffim</strong></span> <span class='ocrx_word' id='word_1_145' title='bbox 1220 2078 1321 2161; x_wconf 81' lang='lat' dir='ltr'><strong>tetro</strong></span> <span class='ocrx_word' id='word_1_146' title='bbox 1355 2100 1589 2173; x_wconf 83' lang='lat' dir='ltr'><strong>commeant.</strong></span> 
     </span>
     <span class='ocr_line' id='line_1_16' title="bbox 193 2184 1590 2309; baseline 0.004 -38"><span class='ocrx_word' id='word_1_147' title='bbox 193 2184 322 2309; x_wconf 81' lang='lat' dir='ltr'><strong>thd</strong></span> <span class='ocrx_word' id='word_1_148' title='bbox 344 2186 373 2269; x_wconf 85' lang='lat' dir='ltr'><strong>st</strong></span> <span class='ocrx_word' id='word_1_149' title='bbox 394 2211 441 2268; x_wconf 84' lang='lat' dir='ltr'><strong>ea</strong></span> <span class='ocrx_word' id='word_1_150' title='bbox 465 2189 652 2294; x_wconf 80' lang='lat' dir='ltr'><strong>intereant</strong></span> <span class='ocrx_word' id='word_1_151' title='bbox 664 2251 677 2297; x_wconf 88' lang='lat'>,</span> <span class='ocrx_word' id='word_1_152' title='bbox 705 2217 755 2274; x_wconf 86' lang='lat' dir='ltr'><strong>cx</strong></span> <span class='ocrx_word' id='word_1_153' title='bbox 780 2189 926 2306; x_wconf 86' lang='lat' dir='ltr'><strong>quibus</strong></span> <span class='ocrx_word' id='word_1_154' title='bbox 953 2190 1104 2277; x_wconf 89' lang='lat' dir='ltr'><strong>constet</strong></span> <span class='ocrx_word' id='word_1_155' title='bbox 1120 2216 1240 2275; x_wconf 91' lang='lat' dir='ltr'><strong>omne</strong></span> <span class='ocrx_word' id='word_1_156' title='bbox 1259 2188 1424 2291; x_wconf 67' lang='lat' dir='ltr'><strong>animab,</strong></span> <span class='ocrx_word' id='word_1_157' title='bbox 1440 2190 1590 2277; x_wconf 88' lang='lat' dir='ltr'><strong>nullum</strong></span> 
     </span>
    </p>

    <p class='ocr_par' dir='ltr' id='par_1_3' title="bbox 143 2298 1406 2414">
     <span class='ocr_line' id='line_1_17' title="bbox 143 2298 1406 2414; baseline 0.002 -25"><span class='ocrx_word' id='word_1_158' title='bbox 143 2393 147 2398; x_wconf 76' lang='grc'><strong>,</strong></span> <span class='ocrx_word' id='word_1_159' title='bbox 188 2303 247 2389; x_wconf 84' lang='lat' dir='ltr'><strong>est</strong></span> <span class='ocrx_word' id='word_1_160' title='bbox 271 2298 409 2387; x_wconf 85' lang='lat' dir='ltr'><strong>animal</strong></span> <span class='ocrx_word' id='word_1_161' title='bbox 442 2301 725 2414; x_wconf 79' lang='lat' dir='ltr'><strong>sempiternum.</strong></span> <span class='ocrx_word' id='word_1_162' title='bbox 1402 2304 1406 2311; x_wconf 77' lang='grc'><strong><em>’</em></strong></span> 
     </span>
    </p>

    <p class='ocr_par' dir='ltr' id='par_1_4' title="bbox 251 2416 1659 2557">
     <span class='ocr_line' id='line_1_18' title="bbox 251 2416 1659 2557; baseline 0.004 -57"><span class='ocrx_word' id='word_1_163' title='bbox 251 2420 328 2520; x_wconf 83' lang='lat' dir='ltr'><strong>Et,</strong></span> <span class='ocrx_word' id='word_1_164' title='bbox 351 2436 397 2501; x_wconf 93' lang='lat' dir='ltr'><strong>ut</strong></span> <span class='ocrx_word' id='word_1_165' title='bbox 417 2416 499 2502; x_wconf 83' lang='lat' dir='ltr'><strong>haec</strong></span> <span class='ocrx_word' id='word_1_166' title='bbox 519 2421 773 2525; x_wconf 81' lang='lat' dir='ltr'><strong>omittamus,</strong></span> <span class='ocrx_word' id='word_1_167' title='bbox 795 2443 928 2507; x_wconf 84' lang='lat' dir='ltr'><strong>tamen</strong></span> <span class='ocrx_word' id='word_1_168' title='bbox 944 2419 1082 2505; x_wconf 85' lang='lat' dir='ltr'><strong>animal</strong></span> <span class='ocrx_word' id='word_1_169' title='bbox 1107 2418 1255 2505; x_wconf 90' lang='lat' dir='ltr'><strong>nullum</strong></span> <span class='ocrx_word' id='word_1_170' title='bbox 1272 2422 1435 2507; x_wconf 88' lang='lat' dir='ltr'><strong>inveniri</strong></span> <span class='ocrx_word' id='word_1_171' title='bbox 1449 2421 1589 2535; x_wconf 87' lang='lat' dir='ltr'><strong>potest,</strong></span> <span class='ocrx_word' id='word_1_172' title='bbox 1601 2452 1659 2557; x_wconf 68' lang='grc' dir='ltr'><strong>ῖ-</strong></span> 
     </span>
    </p>

    <p class='ocr_par' dir='ltr' id='par_1_5' title="bbox 158 2529 1618 3195">
     <span class='ocr_line' id='line_1_19' title="bbox 158 2529 1618 2651; baseline 0.007 -39"><span class='ocrx_word' id='word_1_173' title='bbox 158 2638 161 2641; x_wconf 8' lang='grc' dir='ltr'><strong><em>ᾒ</em></strong></span> <span class='ocrx_word' id='word_1_174' title='bbox 193 2529 312 2645; x_wconf 92' lang='lat' dir='ltr'><strong>quod</strong></span> <span class='ocrx_word' id='word_1_175' title='bbox 341 2557 472 2645; x_wconf 87' lang='lat' dir='ltr'><strong>neque</strong></span> <span class='ocrx_word' id='word_1_176' title='bbox 496 2554 632 2617; x_wconf 89' lang='lat' dir='ltr'><strong>natum</strong></span> <span class='ocrx_word' id='word_1_177' title='bbox 655 2564 832 2649; x_wconf 87' lang='lat' dir='ltr'><strong>unquam</strong></span> <span class='ocrx_word' id='word_1_178' title='bbox 856 2538 927 2642; x_wconf 87' lang='lat' dir='ltr'><strong>fit,</strong></span> <span class='ocrx_word' id='word_1_179' title='bbox 950 2536 989 2620; x_wconf 74' lang='lat' dir='ltr'><strong>bt</strong></span> <span class='ocrx_word' id='word_1_180' title='bbox 1008 2534 1156 2651; x_wconf 86' lang='lat' dir='ltr'><strong>semper</strong></span> <span class='ocrx_word' id='word_1_181' title='bbox 1174 2535 1218 2621; x_wconf 82' lang='lat' dir='ltr'><strong>stt</strong></span> <span class='ocrx_word' id='word_1_182' title='bbox 1240 2536 1427 2622; x_wconf 78' lang='lat' dir='ltr'><strong>litturum.</strong></span> <span class='ocrx_word' id='word_1_183' title='bbox 1454 2542 1590 2623; x_wconf 88' lang='lat' dir='ltr'><strong>Omne</strong></span> <span class='ocrx_word' id='word_1_184' title='bbox 1614 2594 1618 2603; x_wconf 84' lang='lat'><em>·</em></span> 
     </span>
     <span class='ocr_line' id='line_1_20' title="bbox 194 2644 1590 2767; baseline 0.006 -38"><span class='ocrx_word' id='word_1_185' title='bbox 194 2648 300 2729; x_wconf 88' lang='lat' dir='ltr'><strong>enim</strong></span> <span class='ocrx_word' id='word_1_186' title='bbox 321 2644 461 2730; x_wconf 86' lang='lat' dir='ltr'><strong>animal</strong></span> <span class='ocrx_word' id='word_1_187' title='bbox 482 2644 605 2733; x_wconf 86' lang='lat' dir='ltr'><strong>sensus</strong></span> <span class='ocrx_word' id='word_1_188' title='bbox 627 2649 754 2739; x_wconf 81' lang='lat' dir='ltr'><strong>habet.</strong></span> <span class='ocrx_word' id='word_1_189' title='bbox 781 2656 903 2738; x_wconf 85' lang='lat' dir='ltr'><strong>Sentit</strong></span> <span class='ocrx_word' id='word_1_190' title='bbox 921 2649 1039 2767; x_wconf 84' lang='lat' dir='ltr'><strong>igitur</strong></span> <span class='ocrx_word' id='word_1_191' title='bbox 1064 2652 1115 2739; x_wconf 73' lang='grc' dir='ltr'><strong>δι’</strong></span> <span class='ocrx_word' id='word_1_192' title='bbox 1128 2649 1273 2755; x_wconf 84' lang='lat' dir='ltr'><strong>calida,</strong></span> <span class='ocrx_word' id='word_1_193' title='bbox 1296 2651 1335 2737; x_wconf 71' lang='lat'><strong>8&lt;</strong></span> <span class='ocrx_word' id='word_1_194' title='bbox 1357 2649 1521 2765; x_wconf 83' lang='lat' dir='ltr'><strong>frigida,</strong></span> <span class='ocrx_word' id='word_1_195' title='bbox 1552 2653 1590 2737; x_wconf 77' lang='lat' dir='ltr'><strong>bt</strong></span> 
     </span>
     <span class='ocr_line' id='line_1_21' title="bbox 191 2758 1591 2880; baseline 0.006 -35"><span class='ocrx_word' id='word_1_196' title='bbox 191 2758 344 2863; x_wconf 84' lang='lat' dir='ltr'><strong>dulcia,</strong></span> <span class='ocrx_word' id='word_1_197' title='bbox 371 2762 588 2868; x_wconf 74' lang='lat' dir='ltr'><strong>bremam,</strong></span> <span class='ocrx_word' id='word_1_198' title='bbox 619 2794 694 2851; x_wconf 89' lang='lat' dir='ltr'><strong>nec</strong></span> <span class='ocrx_word' id='word_1_199' title='bbox 725 2768 852 2878; x_wconf 84' lang='lat' dir='ltr'><strong>potest</strong></span> <span class='ocrx_word' id='word_1_200' title='bbox 877 2767 957 2853; x_wconf 90' lang='lat' dir='ltr'><strong>ullo</strong></span> <span class='ocrx_word' id='word_1_201' title='bbox 987 2764 1091 2853; x_wconf 90' lang='lat' dir='ltr'><strong>sensu</strong></span> <span class='ocrx_word' id='word_1_202' title='bbox 1120 2764 1289 2878; x_wconf 78' lang='lat' dir='ltr'><strong>jucunda</strong></span> <span class='ocrx_word' id='word_1_203' title='bbox 1317 2766 1523 2880; x_wconf 83' lang='lat' dir='ltr'><strong>accipere,</strong></span> <span class='ocrx_word' id='word_1_204' title='bbox 1551 2767 1591 2853; x_wconf 76' lang='grc' dir='ltr'><strong>ὃ(</strong></span> 
     </span>
     <span class='ocr_line' id='line_1_22' title="bbox 194 2879 1592 2996; baseline 0.005 -37"><span class='ocrx_word' id='word_1_205' title='bbox 194 2904 281 2959; x_wconf 92' lang='lat' dir='ltr'><strong>non</strong></span> <span class='ocrx_word' id='word_1_206' title='bbox 306 2880 482 2989; x_wconf 87' lang='lat' dir='ltr'><strong>accipere</strong></span> <span class='ocrx_word' id='word_1_207' title='bbox 507 2884 710 2966; x_wconf 83' lang='lat' dir='ltr'><strong>contraria.</strong></span> <span class='ocrx_word' id='word_1_208' title='bbox 746 2881 785 2965; x_wconf 89' lang='lat' dir='ltr'><strong>Si</strong></span> <span class='ocrx_word' id='word_1_209' title='bbox 808 2886 924 2996; x_wconf 87' lang='lat' dir='ltr'><strong>igitur</strong></span> <span class='ocrx_word' id='word_1_210' title='bbox 950 2879 1161 2995; x_wconf 86' lang='lat' dir='ltr'><strong>voluptatis</strong></span> <span class='ocrx_word' id='word_1_211' title='bbox 1188 2881 1335 2965; x_wconf 83' lang='lat' dir='ltr'><strong>sensum</strong></span> <span class='ocrx_word' id='word_1_212' title='bbox 1357 2884 1487 2993; x_wconf 86' lang='lat' dir='ltr'><strong>capit,</strong></span> <span class='ocrx_word' id='word_1_213' title='bbox 1512 2880 1592 2966; x_wconf 92' lang='lat' dir='ltr'><strong>do-</strong></span> 
     </span>
     <span class='ocr_line' id='line_1_23' title="bbox 194 2988 1591 3195; baseline 0.007 -122"><span class='ocrx_word' id='word_1_214' title='bbox 194 2988 287 3074; x_wconf 86' lang='lat' dir='ltr'><strong>loris</strong></span> <span class='ocrx_word' id='word_1_215' title='bbox 313 2994 428 3075; x_wconf 84' lang='lat' dir='ltr'><strong>etiam</strong></span> <span class='ocrx_word' id='word_1_216' title='bbox 453 2992 568 3107; x_wconf 80' lang='lat' dir='ltr'><strong>capit.</strong></span> <span class='ocrx_word' id='word_1_217' title='bbox 611 2993 738 3195; x_wconf 33' lang='lat' dir='ltr'><strong>(prod</strong></span> <span class='ocrx_word' id='word_1_218' title='bbox 764 3021 894 3082; x_wconf 84' lang='lat' dir='ltr'><strong>autem</strong></span> <span class='ocrx_word' id='word_1_219' title='bbox 926 2994 1109 3082; x_wconf 88' lang='lat' dir='ltr'><strong>dolorem</strong></span> <span class='ocrx_word' id='word_1_220' title='bbox 1135 2998 1216 3080; x_wconf 86' lang='lat' dir='ltr'><strong>acci</strong></span> <span class='ocrx_word' id='word_1_221' title='bbox 1247 2997 1314 3099; x_wconf 89' lang='lat' dir='ltr'><strong>it,</strong></span> <span class='ocrx_word' id='word_1_222' title='bbox 1355 2995 1398 3079; x_wconf 90' lang='lat' dir='ltr'><strong>id</strong></span> <span class='ocrx_word' id='word_1_223' title='bbox 1428 2997 1591 3108; x_wconf 86' lang='lat' dir='ltr'><strong>accipiat</strong></span> 
     </span>
    </p>
   </div>
   <div class='ocr_carea' id='block_1_3' title="bbox 193 3106 1591 3307">
    <p class='ocr_par' dir='ltr' id='par_1_6' title="bbox 193 3106 1591 3307">
     <span class='ocr_line' id='line_1_24' title="bbox 193 3106 1591 3307; baseline 0.003 -118"><span class='ocrx_word' id='word_1_224' title='bbox 193 3108 531 3307; x_wconf 50' lang='lat' dir='ltr'><strong>spiramimerptum</strong></span> <span class='ocrx_word' id='word_1_225' title='bbox 555 3135 652 3199; x_wconf 87' lang='lat' dir='ltr'><strong>nece</strong></span> <span class='ocrx_word' id='word_1_226' title='bbox 683 3111 789 3195; x_wconf 84' lang='lat' dir='ltr'><strong>cell.</strong></span> <span class='ocrx_word' id='word_1_227' title='bbox 816 3116 952 3198; x_wconf 88' lang='lat' dir='ltr'><strong>Omne</strong></span> <span class='ocrx_word' id='word_1_228' title='bbox 965 3114 1080 3224; x_wconf 87' lang='lat' dir='ltr'><strong>igitur</strong></span> <span class='ocrx_word' id='word_1_229' title='bbox 1091 3113 1196 3195; x_wconf 84' lang='lat' dir='ltr'><strong>anim</strong></span> <span class='ocrx_word' id='word_1_230' title='bbox 1252 3106 1524 3196; x_wconf 86' lang='lat' dir='ltr'><strong>confitendum</strong></span> <span class='ocrx_word' id='word_1_231' title='bbox 1536 3111 1591 3193; x_wconf 89' lang='lat' dir='ltr'><strong>est</strong></span> 
     </span>
     <span class='ocr_line' id='line_1_25' title="bbox 194 3242 468 3307; baseline 0.011 -4"><span class='ocrx_word' id='word_1_232' title='bbox 194 3244 219 3303; x_wconf 89' lang='lat' dir='ltr'><strong>c</strong></span> <span class='ocrx_word' id='word_1_233' title='bbox 250 3250 273 3306; x_wconf 89' lang='lat' dir='ltr'><strong>e</strong></span> <span class='ocrx_word' id='word_1_234' title='bbox 296 3242 423 3307; x_wconf 86' lang='lat' dir='ltr'><strong>morta</strong></span> <span class='ocrx_word' id='word_1_235' title='bbox 434 3248 468 3306; x_wconf 90' lang='lat' dir='ltr'><strong>c.</strong></span> 
     </span>
    </p>
   </div>
   <div class='ocr_carea' id='block_1_4' title="bbox 244 3262 1586 3473">
    <p class='ocr_par' dir='ltr' id='par_1_7' title="bbox 198 3262 1586 3473">
     <span class='ocr_line' id='line_1_26' title="bbox 244 3262 1586 3473; baseline 0.008 -60.635"><span class='ocrx_word' id='word_1_236' title='bbox 244 3346 248 3355; x_wconf 83' lang='lat'>&#39;</span> <span class='ocrx_word' id='word_1_237' title='bbox 310 3336 416 3422; x_wconf 85' lang='lat' dir='ltr'><strong>Tom.</strong></span> <span class='ocrx_word' id='word_1_238' title='bbox 445 3334 507 3421; x_wconf 89' lang='grc' dir='ltr'><strong>ΙΙ.</strong></span> <span class='ocrx_word' id='word_1_239' title='bbox 638 3415 642 3421; x_wconf 82' lang='grc'>,</span> <span class='ocrx_word' id='word_1_240' title='bbox 844 3303 848 3312; x_wconf 88' lang='lat'>.</span> <span class='ocrx_word' id='word_1_241' title='bbox 886 3346 919 3425; x_wconf 81' lang='lat' dir='ltr'>K</span> <span class='ocrx_word' id='word_1_242' title='bbox 947 3343 974 3424; x_wconf 86' lang='lat' dir='ltr'><strong>lr</strong></span> <span class='ocrx_word' id='word_1_243' title='bbox 999 3262 1084 3423; x_wconf 67' lang='lat' dir='ltr'><strong>ki</strong></span> <span class='ocrx_word' id='word_1_244' title='bbox 1427 3343 1586 3473; x_wconf 76' lang='lat' dir='ltr'><strong>Preter-</strong></span> 
     </span>
    </p>
   </div>
   <div class='ocr_carea' id='block_1_5' title="bbox 179 3564 1595 4793">
    <p class='ocr_par' dir='ltr' id='par_1_8' title="bbox 179 3564 1595 4793">
     <span class='ocr_line' id='line_1_27' title="bbox 179 3564 1591 3651; baseline 0.004 -24"><span class='ocrx_word' id='word_1_245' title='bbox 179 3566 278 3651; x_wconf 41' lang='lat' dir='ltr'><strong>‚spiritu</strong></span> <span class='ocrx_word' id='word_1_246' title='bbox 298 3579 497 3634; x_wconf 78' lang='lat' dir='ltr'><strong>continerenntr.</strong></span> <span class='ocrx_word' id='word_1_247' title='bbox 519 3570 578 3630; x_wconf 77' lang='lat'><em>1112</em></span> <span class='ocrx_word' id='word_1_248' title='bbox 596 3568 662 3628; x_wconf 80' lang='lat' dir='ltr'><strong>veri</strong></span> <span class='ocrx_word' id='word_1_249' title='bbox 682 3568 823 3629; x_wconf 74' lang='lat' dir='ltr'><strong>cohaerent</strong></span> <span class='ocrx_word' id='word_1_250' title='bbox 837 3564 874 3628; x_wconf 62' lang='grc' dir='ltr'><em>ά</em></span> <span class='ocrx_word' id='word_1_251' title='bbox 911 3566 1093 3643; x_wconf 86' lang='lat' dir='ltr'><strong>dens‚quam</strong></span> <span class='ocrx_word' id='word_1_252' title='bbox 1109 3568 1238 3647; x_wconf 87' lang='lat' dir='ltr'><strong>exposuit</strong></span> <span class='ocrx_word' id='word_1_253' title='bbox 1257 3569 1362 3631; x_wconf 84' lang='lat' dir='ltr'><strong>Plinius</strong></span> <span class='ocrx_word' id='word_1_254' title='bbox 1383 3568 1493 3649; x_wconf 85' lang='lat' dir='ltr'><strong>inipso</strong></span> <span class='ocrx_word' id='word_1_255' title='bbox 1514 3571 1591 3633; x_wconf 85' lang='lat' dir='ltr'><strong>aditu</strong></span> 
     </span>
     <span class='ocr_line' id='line_1_28' title="bbox 192 3646 1591 3731; baseline 0.001 -19"><span class='ocrx_word' id='word_1_256' title='bbox 192 3665 359 3729; x_wconf 80' lang='lat' dir='ltr'><strong>permanent</strong></span> <span class='ocrx_word' id='word_1_257' title='bbox 373 3675 473 3714; x_wconf 69' lang='lat' dir='ltr'><strong>nancte</strong></span> <span class='ocrx_word' id='word_1_258' title='bbox 490 3654 602 3713; x_wconf 79' lang='lat' dir='ltr'><strong>viribts</strong></span> <span class='ocrx_word' id='word_1_259' title='bbox 621 3649 653 3710; x_wconf 90' lang='lat' dir='ltr'><strong>Si</strong></span> <span class='ocrx_word' id='word_1_260' title='bbox 663 3649 793 3731; x_wconf 81' lang='lat' dir='ltr'><strong>legamus</strong></span> <span class='ocrx_word' id='word_1_261' title='bbox 810 3664 879 3708; x_wconf 88' lang='lat' dir='ltr'><strong>curn</strong></span> <span class='ocrx_word' id='word_1_262' title='bbox 909 3646 1053 3707; x_wconf 81' lang='lat' dir='ltr'><strong>Nanttalit</strong></span> <span class='ocrx_word' id='word_1_263' title='bbox 1076 3648 1220 3722; x_wconf 74' lang='lat' dir='ltr'><strong>Historia,</strong></span> <span class='ocrx_word' id='word_1_264' title='bbox 1238 3652 1276 3712; x_wconf 90' lang='grc' dir='ltr'><strong>ΙΙ.</strong></span> <span class='ocrx_word' id='word_1_265' title='bbox 1300 3673 1325 3713; x_wconf 80' lang='lat'><strong>1.</strong></span> <span class='ocrx_word' id='word_1_266' title='bbox 1347 3649 1398 3713; x_wconf 91' lang='lat' dir='ltr'><strong>ubi</strong></span> <span class='ocrx_word' id='word_1_267' title='bbox 1419 3652 1456 3711; x_wconf 84' lang='lat' dir='ltr'><strong>de</strong></span> <span class='ocrx_word' id='word_1_268' title='bbox 1480 3654 1591 3715; x_wconf 84' lang='lat' dir='ltr'><strong>mundo</strong></span> 
     </span>
     <span class='ocr_line' id='line_1_29' title="bbox 195 3726 1591 3815; baseline 0.001 -26"><span class='ocrx_word' id='word_1_269' title='bbox 195 3731 318 3814; x_wconf 85' lang='lat' dir='ltr'><strong>vulgatis</strong></span> <span class='ocrx_word' id='word_1_270' title='bbox 337 3735 509 3797; x_wconf 84' lang='lat' dir='ltr'><strong>editionibus</strong></span> <span class='ocrx_word' id='word_1_271' title='bbox 526 3754 574 3804; x_wconf 79' lang='lat' dir='ltr'><strong>ta,</strong></span> <span class='ocrx_word' id='word_1_272' title='bbox 595 3734 655 3803; x_wconf 80' lang='lat' dir='ltr'><strong>illa,</strong></span> <span class='ocrx_word' id='word_1_273' title='bbox 679 3734 798 3799; x_wconf 71' lang='lat' dir='ltr'><strong>ruberet,</strong></span> <span class='ocrx_word' id='word_1_274' title='bbox 816 3744 878 3812; x_wconf 78' lang='lat' dir='ltr'><strong>per·</strong></span> <span class='ocrx_word' id='word_1_275' title='bbox 911 3726 1035 3789; x_wconf 76' lang='lat' dir='ltr'><strong>dicitur.-</strong></span> <span class='ocrx_word' id='word_1_276' title='bbox 1058 3731 1160 3791; x_wconf 63' lang='lat' dir='ltr'><strong>centn</strong></span> <span class='ocrx_word' id='word_1_277' title='bbox 1180 3734 1322 3815; x_wconf 70' lang='lat' dir='ltr'><strong>conplexus</strong></span> <span class='ocrx_word' id='word_1_278' title='bbox 1342 3736 1370 3794; x_wconf 85' lang='lat' dir='ltr'><strong>in</strong></span> <span class='ocrx_word' id='word_1_279' title='bbox 1391 3732 1422 3811; x_wconf 81' lang='lat' dir='ltr'><strong>se</strong></span> <span class='ocrx_word' id='word_1_280' title='bbox 1441 3754 1451 3797; x_wconf 84' lang='lat'><strong>‚·</strong></span> <span class='ocrx_word' id='word_1_281' title='bbox 1471 3736 1591 3815; x_wconf 68' lang='lat' dir='ltr'><strong>idimque</strong></span> 
     </span>
     <span class='ocr_line' id='line_1_30' title="bbox 196 3811 1593 3896; baseline 0.003 -24"><span class='ocrx_word' id='word_1_282' title='bbox 196 3832 287 3874; x_wconf 84' lang='lat' dir='ltr'><strong>manet</strong></span> <span class='ocrx_word' id='word_1_283' title='bbox 297 3835 379 3886; x_wconf 88' lang='lat' dir='ltr'><strong>,tum</strong></span> <span class='ocrx_word' id='word_1_284' title='bbox 398 3817 492 3895; x_wconf 76' lang='lat' dir='ltr'><strong>inepte</strong></span> <span class='ocrx_word' id='word_1_285' title='bbox 510 3812 618 3875; x_wconf 89' lang='lat' dir='ltr'><strong>dicetur</strong></span> <span class='ocrx_word' id='word_1_286' title='bbox 639 3830 734 3873; x_wconf 69' lang='lat' dir='ltr'><strong>nunna</strong></span> <span class='ocrx_word' id='word_1_287' title='bbox 757 3814 880 3871; x_wconf 66' lang='lat' dir='ltr'><strong>colerere</strong></span> <span class='ocrx_word' id='word_1_288' title='bbox 911 3830 1001 3869; x_wconf 86' lang='lat' dir='ltr'><strong>rerum</strong></span> <span class='ocrx_word' id='word_1_289' title='bbox 1019 3829 1119 3871; x_wconf 80' lang='lat' dir='ltr'><strong>namra</strong></span> <span class='ocrx_word' id='word_1_290' title='bbox 1138 3830 1223 3896; x_wconf 80' lang='lat' dir='ltr'><strong>opus,</strong></span> <span class='ocrx_word' id='word_1_291' title='bbox 1242 3811 1278 3877; x_wconf 53' lang='grc' dir='ltr'><strong>ὁ*</strong></span> <span class='ocrx_word' id='word_1_292' title='bbox 1302 3833 1392 3873; x_wconf 78' lang='lat' dir='ltr'><strong>rerum</strong></span> <span class='ocrx_word' id='word_1_293' title='bbox 1410 3812 1462 3895; x_wconf 77' lang='lat' dir='ltr'><strong>ipsa</strong></span> <span class='ocrx_word' id='word_1_294' title='bbox 1488 3833 1593 3877; x_wconf 82' lang='lat' dir='ltr'><strong>natura.</strong></span> 
     </span>
     <span class='ocr_line' id='line_1_31' title="bbox 193 3889 1595 4037; baseline 0.001 -82"><span class='ocrx_word' id='word_1_295' title='bbox 193 3891 234 3955; x_wconf 67' lang='grc' dir='ltr'><strong>ύ</strong></span> <span class='ocrx_word' id='word_1_296' title='bbox 254 3912 410 3978; x_wconf 79' lang='lat' dir='ltr'><strong>permanere</strong></span> <span class='ocrx_word' id='word_1_297' title='bbox 437 3919 496 3957; x_wconf 80' lang='lat' dir='ltr'><strong>mm</strong></span> <span class='ocrx_word' id='word_1_298' title='bbox 525 3916 626 3955; x_wconf 70' lang='lat' dir='ltr'><strong>nature</strong></span> <span class='ocrx_word' id='word_1_299' title='bbox 647 3896 759 3953; x_wconf 80' lang='lat' dir='ltr'><strong>viribus.</strong></span> <span class='ocrx_word' id='word_1_300' title='bbox 804 3889 881 3951; x_wconf 80' lang='lat' dir='ltr'><strong>Atfi</strong></span> <span class='ocrx_word' id='word_1_301' title='bbox 912 3895 1008 3970; x_wconf 83' lang='lat' dir='ltr'><strong>Itaque</strong></span> <span class='ocrx_word' id='word_1_302' title='bbox 1025 3912 1135 3966; x_wconf 79' lang='lat' dir='ltr'><strong>namra,</strong></span> <span class='ocrx_word' id='word_1_303' title='bbox 1154 3913 1187 3957; x_wconf 92' lang='lat' dir='ltr'><strong>ut</strong></span> <span class='ocrx_word' id='word_1_304' title='bbox 1205 3916 1297 3975; x_wconf 79' lang='lat' dir='ltr'><strong>opus,</strong></span> <span class='ocrx_word' id='word_1_305' title='bbox 1326 3896 1449 3964; x_wconf 73' lang='lat' dir='ltr'><strong>cohaern,</strong></span> <span class='ocrx_word' id='word_1_306' title='bbox 1470 3892 1506 3957; x_wconf 64' lang='grc' dir='ltr'><em>ὰ</em></span> <span class='ocrx_word' id='word_1_307' title='bbox 1532 3910 1595 4037; x_wconf 49' lang='lat' dir='ltr'><strong>ffir-</strong></span> 
     </span>
     <span class='ocr_line' id='line_1_32' title="bbox 190 3973 1594 4062; baseline 0.002 -27"><span class='ocrx_word' id='word_1_308' title='bbox 190 3974 254 4035; x_wconf 72' lang='lat' dir='ltr'><strong>hec</strong></span> <span class='ocrx_word' id='word_1_309' title='bbox 277 3980 375 4039; x_wconf 85' lang='lat' dir='ltr'><strong>omnia</strong></span> <span class='ocrx_word' id='word_1_310' title='bbox 393 3981 429 4040; x_wconf 86' lang='lat' dir='ltr'><strong>ad</strong></span> <span class='ocrx_word' id='word_1_311' title='bbox 444 3996 534 4062; x_wconf 81' lang='lat' dir='ltr'><strong>partes</strong></span> <span class='ocrx_word' id='word_1_312' title='bbox 549 3996 652 4037; x_wconf 74' lang='lat' dir='ltr'><strong>nature</strong></span> <span class='ocrx_word' id='word_1_313' title='bbox 668 3973 791 4043; x_wconf 86' lang='lat' dir='ltr'><strong>referas,</strong></span> <span class='ocrx_word' id='word_1_314' title='bbox 807 3973 880 4035; x_wconf 74' lang='lat' dir='ltr'><strong>retii</strong></span> <span class='ocrx_word' id='word_1_315' title='bbox 912 3993 1017 4044; x_wconf 85' lang='lat' dir='ltr'><strong>manet,</strong></span> <span class='ocrx_word' id='word_1_316' title='bbox 1035 3976 1137 4035; x_wconf 84' lang='lat' dir='ltr'><strong>viribur</strong></span> <span class='ocrx_word' id='word_1_317' title='bbox 1164 3996 1281 4049; x_wconf 76' lang='lat' dir='ltr'><strong>natura,</strong></span> <span class='ocrx_word' id='word_1_318' title='bbox 1306 3996 1339 4036; x_wconf 89' lang='lat' dir='ltr'><strong>ur</strong></span> <span class='ocrx_word' id='word_1_319' title='bbox 1351 3974 1468 4055; x_wconf 86' lang='lat' dir='ltr'><strong>opificis.</strong></span> <span class='ocrx_word' id='word_1_320' title='bbox 1486 3974 1517 4037; x_wconf 89' lang='lat' dir='ltr'><strong>Si</strong></span> <span class='ocrx_word' id='word_1_321' title='bbox 1577 3998 1594 4038; x_wconf 94' lang='lat' dir='ltr'><strong>c</strong></span> 
     </span>
     <span class='ocr_line' id='line_1_33' title="bbox 194 4054 1593 4137; baseline 0.001 -20"><span class='ocrx_word' id='word_1_322' title='bbox 194 4054 228 4117; x_wconf 73' lang='lat' dir='ltr'><strong>se</strong></span> <span class='ocrx_word' id='word_1_323' title='bbox 246 4058 361 4121; x_wconf 85' lang='lat' dir='ltr'><strong>habebit</strong></span> <span class='ocrx_word' id='word_1_324' title='bbox 378 4059 529 4128; x_wconf 85' lang='lat' dir='ltr'><strong>sententia,</strong></span> <span class='ocrx_word' id='word_1_325' title='bbox 553 4059 584 4118; x_wconf 89' lang='lat'>&amp;</span> <span class='ocrx_word' id='word_1_326' title='bbox 601 4054 748 4119; x_wconf 77' lang='lat' dir='ltr'><strong>Ciceronis</strong></span> <span class='ocrx_word' id='word_1_327' title='bbox 762 4054 881 4117; x_wconf 83' lang='lat' dir='ltr'><strong>&#39;calamo</strong></span> <span class='ocrx_word' id='word_1_328' title='bbox 914 4054 1098 4117; x_wconf 87' lang='lat' dir='ltr'><strong>deliramenta</strong></span> <span class='ocrx_word' id='word_1_329' title='bbox 1117 4057 1224 4137; x_wconf 87' lang='lat' dir='ltr'><strong>percipi</strong></span> <span class='ocrx_word' id='word_1_330' title='bbox 1242 4058 1340 4121; x_wconf 87' lang='lat' dir='ltr'><strong>animo</strong></span> <span class='ocrx_word' id='word_1_331' title='bbox 1363 4078 1525 4135; x_wconf 87' lang='lat' dir='ltr'><strong>nequeunt,</strong></span> <span class='ocrx_word' id='word_1_332' title='bbox 1544 4077 1593 4119; x_wconf 84' lang='lat' dir='ltr'><strong>aur</strong></span> 
     </span>
     <span class='ocr_line' id='line_1_34' title="bbox 189 4136 1592 4221; baseline 0.004 -25"><span class='ocrx_word' id='word_1_333' title='bbox 189 4152 254 4197; x_wconf 89' lang='lat' dir='ltr'><strong>non</strong></span> <span class='ocrx_word' id='word_1_334' title='bbox 269 4141 321 4201; x_wconf 91' lang='lat' dir='ltr'><strong>erit</strong></span> <span class='ocrx_word' id='word_1_335' title='bbox 332 4141 459 4221; x_wconf 86' lang='lat' dir='ltr'><strong>indigna.</strong></span> <span class='ocrx_word' id='word_1_336' title='bbox 478 4139 526 4201; x_wconf 88' lang='lat' dir='ltr'><strong>Sic</strong></span> <span class='ocrx_word' id='word_1_337' title='bbox 540 4138 570 4199; x_wconf 88' lang='lat' dir='ltr'><strong>in</strong></span> <span class='ocrx_word' id='word_1_338' title='bbox 591 4142 630 4201; x_wconf 91' lang='grc' dir='ltr'><strong>Π.</strong></span> <span class='ocrx_word' id='word_1_339' title='bbox 648 4162 675 4210; x_wconf 90' lang='lat'><strong>7.</strong></span> <span class='ocrx_word' id='word_1_340' title='bbox 701 4136 821 4199; x_wconf 86' lang='lat' dir='ltr'><strong>occurrit</strong></span> <span class='ocrx_word' id='word_1_341' title='bbox 836 4137 886 4217; x_wconf 64' lang='lat' dir='ltr'><strong>nist</strong></span> <span class='ocrx_word' id='word_1_342' title='bbox 915 4136 1006 4198; x_wconf 84' lang='lat' dir='ltr'><strong>verbis</strong></span> <span class='ocrx_word' id='word_1_343' title='bbox 1028 4136 1181 4214; x_wconf 85' lang='lat' dir='ltr'><strong>explicari,</strong></span> <span class='ocrx_word' id='word_1_344' title='bbox 1199 4140 1231 4203; x_wconf 87' lang='lat' dir='ltr'><strong>id</strong></span> <span class='ocrx_word' id='word_1_345' title='bbox 1253 4160 1344 4218; x_wconf 86' lang='lat' dir='ltr'><strong>neque</strong></span> <span class='ocrx_word' id='word_1_346' title='bbox 1362 4139 1524 4200; x_wconf 89' lang='lat' dir='ltr'><strong>mirandum</strong></span> <span class='ocrx_word' id='word_1_347' title='bbox 1543 4139 1592 4213; x_wconf 81' lang='lat' dir='ltr'><strong>ert,</strong></span> 
     </span>
     <span class='ocr_line' id='line_1_35' title="bbox 191 4216 1559 4301; baseline 0.003 -24"><span class='ocrx_word' id='word_1_348' title='bbox 191 4240 227 4279; x_wconf 84' lang='lat' dir='ltr'><strong>ea</strong></span> <span class='ocrx_word' id='word_1_349' title='bbox 253 4220 372 4301; x_wconf 75' lang='lat' dir='ltr'><strong>(potitis</strong></span> <span class='ocrx_word' id='word_1_350' title='bbox 391 4245 445 4293; x_wconf 72' lang='lat' dir='ltr'><strong>ee,</strong></span> <span class='ocrx_word' id='word_1_351' title='bbox 469 4220 504 4282; x_wconf 90' lang='lat' dir='ltr'><strong>sc.</strong></span> <span class='ocrx_word' id='word_1_352' title='bbox 518 4220 620 4281; x_wconf 89' lang='lat' dir='ltr'><strong>mundi</strong></span> <span class='ocrx_word' id='word_1_353' title='bbox 636 4219 756 4300; x_wconf 78' lang='lat' dir='ltr'><strong>partes)</strong></span> <span class='ocrx_word' id='word_1_354' title='bbox 776 4241 829 4278; x_wconf 82' lang='lat' dir='ltr'><strong>uno</strong></span> <span class='ocrx_word' id='word_1_355' title='bbox 845 4222 883 4280; x_wconf 74' lang='lat' dir='ltr'><strong>tt</strong></span> <span class='ocrx_word' id='word_1_356' title='bbox 916 4240 1007 4298; x_wconf 90' lang='lat' dir='ltr'><strong>neque</strong></span> <span class='ocrx_word' id='word_1_357' title='bbox 1026 4216 1192 4281; x_wconf 81' lang='lat' dir='ltr'><strong>Christianis</strong></span> <span class='ocrx_word' id='word_1_358' title='bbox 1207 4223 1374 4285; x_wconf 84' lang='lat' dir='ltr'><strong>dolendum.</strong></span> <span class='ocrx_word' id='word_1_359' title='bbox 1394 4222 1559 4282; x_wconf 75' lang='lat' dir='ltr'><strong>Ottvesut.</strong></span> 
     </span>
     <span class='ocr_line' id='line_1_36' title="bbox 191 4300 1589 4385; baseline 0.001 -25"><span class='ocrx_word' id='word_1_360' title='bbox 191 4304 263 4361; x_wconf 80' lang='lat' dir='ltr'><strong>vitto</strong></span> <span class='ocrx_word' id='word_1_361' title='bbox 284 4301 484 4366; x_wconf 77' lang='lat' dir='ltr'><strong>&amp;continuato</strong></span> <span class='ocrx_word' id='word_1_362' title='bbox 499 4303 593 4384; x_wconf 65' lang='lat' dir='ltr'><strong>spiritu</strong></span> <span class='ocrx_word' id='word_1_363' title='bbox 619 4307 819 4363; x_wconf 77' lang='lat' dir='ltr'><strong>continerentur.</strong></span> <span class='ocrx_word' id='word_1_364' title='bbox 839 4304 883 4361; x_wconf 90' lang='lat' dir='ltr'><strong>In.</strong></span> <span class='ocrx_word' id='word_1_365' title='bbox 959 4322 1006 4361; x_wconf 85' lang='lat'><strong>21.</strong></span> <span class='ocrx_word' id='word_1_366' title='bbox 1027 4300 1078 4360; x_wconf 83' lang='lat' dir='ltr'><strong>Illa</strong></span> <span class='ocrx_word' id='word_1_367' title='bbox 1090 4322 1196 4375; x_wconf 84' lang='lat' dir='ltr'><strong>autem,</strong></span> <span class='ocrx_word' id='word_1_368' title='bbox 1210 4324 1268 4385; x_wconf 80' lang='lat' dir='ltr'><strong>qua</strong></span> <span class='ocrx_word' id='word_1_369' title='bbox 1289 4304 1434 4363; x_wconf 78' lang='lat' dir='ltr'><strong>Carneades</strong></span> <span class='ocrx_word' id='word_1_370' title='bbox 1449 4304 1589 4385; x_wconf 75' lang='lat' dir='ltr'><strong>affirtbat]</strong></span> 
     </span>
     <span class='ocr_line' id='line_1_37' title="bbox 236 4380 1592 4466; baseline 0.002 -24"><span class='ocrx_word' id='word_1_371' title='bbox 236 4402 291 4444; x_wconf 63' lang='grc' dir='ltr'><strong>ιο.</strong></span> <span class='ocrx_word' id='word_1_372' title='bbox 313 4386 362 4445; x_wconf 82' lang='lat' dir='ltr'><strong>rrla</strong></span> <span class='ocrx_word' id='word_1_373' title='bbox 377 4386 442 4447; x_wconf 76' lang='lat' dir='ltr'><strong>veri</strong></span> <span class='ocrx_word' id='word_1_374' title='bbox 461 4388 567 4445; x_wconf 69' lang='lat' dir='ltr'><strong>calmet</strong></span> <span class='ocrx_word' id='word_1_375' title='bbox 585 4382 621 4446; x_wconf 73' lang='lat' dir='ltr'><strong>o</strong></span> <span class='ocrx_word' id='word_1_376' title='bbox 635 4398 771 4466; x_wconf 76' lang='lat' dir='ltr'><strong>permanet</strong></span> <span class='ocrx_word' id='word_1_377' title='bbox 784 4401 885 4444; x_wconf 66' lang='lat' dir='ltr'><strong>nature</strong></span> <span class='ocrx_word' id='word_1_378' title='bbox 916 4380 1027 4443; x_wconf 83' lang='lat' dir='ltr'><strong>Similia</strong></span> <span class='ocrx_word' id='word_1_379' title='bbox 1054 4380 1188 4464; x_wconf 84' lang='lat' dir='ltr'><strong>leguntur</strong></span> <span class='ocrx_word' id='word_1_380' title='bbox 1220 4387 1297 4463; x_wconf 86' lang='lat' dir='ltr'><strong>apud</strong></span> <span class='ocrx_word' id='word_1_381' title='bbox 1325 4386 1444 4446; x_wconf 85' lang='lat' dir='ltr'><strong>Sextum</strong></span> <span class='ocrx_word' id='word_1_382' title='bbox 1468 4382 1592 4463; x_wconf 85' lang='lat' dir='ltr'><strong>Empiri-</strong></span> 
     </span>
     <span class='ocr_line' id='line_1_38' title="bbox 194 4464 1390 4545; baseline 0.005 -21"><span class='ocrx_word' id='word_1_383' title='bbox 194 4466 327 4539; x_wconf 79' lang='lat' dir='ltr'><strong>viribus]</strong></span> <span class='ocrx_word' id='word_1_384' title='bbox 348 4466 474 4532; x_wconf 85' lang='lat' dir='ltr'><strong>Veniam</strong></span> <span class='ocrx_word' id='word_1_385' title='bbox 498 4468 572 4527; x_wconf 88' lang='lat' dir='ltr'><strong>hanc</strong></span> <span class='ocrx_word' id='word_1_386' title='bbox 592 4466 669 4526; x_wconf 91' lang='lat' dir='ltr'><strong>dabit</strong></span> <span class='ocrx_word' id='word_1_387' title='bbox 686 4464 759 4524; x_wconf 87' lang='lat' dir='ltr'><strong>rnihi</strong></span> <span class='ocrx_word' id='word_1_388' title='bbox 787 4464 886 4525; x_wconf 53' lang='lat' dir='ltr'><strong>doctis*</strong></span> <span class='ocrx_word' id='word_1_389' title='bbox 917 4485 1002 4537; x_wconf 88' lang='lat' dir='ltr'><strong>cum,</strong></span> <span class='ocrx_word' id='word_1_390' title='bbox 1016 4464 1118 4545; x_wconf 66' lang='lat' dir='ltr'><strong>adverfi</strong></span> <span class='ocrx_word' id='word_1_391' title='bbox 1135 4468 1262 4529; x_wconf 80' lang='lat' dir='ltr'><strong>Mathem.</strong></span> <span class='ocrx_word' id='word_1_392' title='bbox 1275 4466 1324 4527; x_wconf 91' lang='lat' dir='ltr'><strong>lib.</strong></span> <span class='ocrx_word' id='word_1_393' title='bbox 1337 4470 1390 4530; x_wconf 86' lang='lat' dir='ltr'><strong>lx.</strong></span> 
     </span>
     <span class='ocr_line' id='line_1_39' title="bbox 192 4543 1593 4629; baseline 0.003 -24"><span class='ocrx_word' id='word_1_394' title='bbox 192 4543 285 4607; x_wconf 81' lang='lat' dir='ltr'><strong>fimus</strong></span> <span class='ocrx_word' id='word_1_395' title='bbox 306 4566 389 4627; x_wconf 85' lang='lat' dir='ltr'><strong>atque</strong></span> <span class='ocrx_word' id='word_1_396' title='bbox 408 4546 619 4611; x_wconf 87' lang='lat' dir='ltr'><strong>humaniffimus</strong></span> <span class='ocrx_word' id='word_1_397' title='bbox 630 4544 779 4617; x_wconf 71' lang='lat' dir='ltr'><strong>Peneius,</strong></span> <span class='ocrx_word' id='word_1_398' title='bbox 795 4562 827 4605; x_wconf 93' lang='lat' dir='ltr'><strong>ut</strong></span> <span class='ocrx_word' id='word_1_399' title='bbox 844 4546 886 4607; x_wconf 90' lang='lat' dir='ltr'><strong>ni·</strong></span> <span class='ocrx_word' id='word_1_400' title='bbox 961 4570 1008 4609; x_wconf 73' lang='grc' dir='ltr'><strong>η.</strong></span> <span class='ocrx_word' id='word_1_401' title='bbox 1028 4550 1100 4627; x_wconf 83' lang='lat' dir='ltr'><strong>Ergo</strong></span> <span class='ocrx_word' id='word_1_402' title='bbox 1123 4550 1210 4609; x_wconf 82' lang='lat' dir='ltr'><strong>itidem</strong></span> <span class='ocrx_word' id='word_1_403' title='bbox 1225 4548 1342 4629; x_wconf 82' lang='lat' dir='ltr'><strong>fiomne</strong></span> <span class='ocrx_word' id='word_1_404' title='bbox 1361 4555 1373 4621; x_wconf 94' lang='grc'>]</span> <span class='ocrx_word' id='word_1_405' title='bbox 1395 4550 1438 4609; x_wconf 83' lang='lat' dir='ltr'><strong>lta</strong></span> <span class='ocrx_word' id='word_1_406' title='bbox 1459 4544 1534 4609; x_wconf 80' lang='lat' dir='ltr'><strong>vitt.</strong></span> <span class='ocrx_word' id='word_1_407' title='bbox 1561 4548 1593 4609; x_wconf 75' lang='grc' dir='ltr'><strong>δε</strong></span> 
     </span>
     <span class='ocr_line' id='line_1_40' title="bbox 186 4622 1593 4709; baseline 0.005 -24"><span class='ocrx_word' id='word_1_408' title='bbox 186 4622 239 4685; x_wconf 85' lang='lat' dir='ltr'><strong>hil</strong></span> <span class='ocrx_word' id='word_1_409' title='bbox 266 4631 555 4702; x_wconf 62' lang='lat' dir='ltr'><strong>superlunarem,</strong></span> <span class='ocrx_word' id='word_1_410' title='bbox 579 4628 706 4709; x_wconf 84' lang='lat' dir='ltr'><strong>inquies,</strong></span> <span class='ocrx_word' id='word_1_411' title='bbox 729 4624 796 4689; x_wconf 82' lang='lat' dir='ltr'><strong>dicit</strong></span> <span class='ocrx_word' id='word_1_412' title='bbox 816 4628 897 4690; x_wconf 80' lang='lat' dir='ltr'><strong>Cot-⁰</strong></span> <span class='ocrx_word' id='word_1_413' title='bbox 918 4630 999 4691; x_wconf 78' lang='lat' dir='ltr'><strong>Grut.</strong></span> <span class='ocrx_word' id='word_1_414' title='bbox 1024 4630 1083 4691; x_wconf 86' lang='lat' dir='ltr'><strong>Sed</strong></span> <span class='ocrx_word' id='word_1_415' title='bbox 1107 4628 1229 4704; x_wconf 73' lang='lat' dir='ltr'><strong>meliis,</strong></span> <span class='ocrx_word' id='word_1_416' title='bbox 1257 4628 1287 4691; x_wconf 90' lang='lat' dir='ltr'><strong>ni</strong></span> <span class='ocrx_word' id='word_1_417' title='bbox 1316 4628 1400 4693; x_wconf 83' lang='lat' dir='ltr'><strong>fallor</strong></span> <span class='ocrx_word' id='word_1_418' title='bbox 1421 4628 1538 4703; x_wconf 69' lang='lat' dir='ltr'><strong>,*Man.</strong></span> <span class='ocrx_word' id='word_1_419' title='bbox 1560 4631 1593 4692; x_wconf 76' lang='grc' dir='ltr'><strong>ὅ(</strong></span> 
     </span>
     <span class='ocr_line' id='line_1_41' title="bbox 189 4709 1595 4793; baseline 0.004 -23"><span class='ocrx_word' id='word_1_420' title='bbox 189 4726 247 4779; x_wconf 86' lang='lat' dir='ltr'><strong>ta,</strong></span> <span class='ocrx_word' id='word_1_421' title='bbox 265 4730 394 4775; x_wconf 84' lang='lat' dir='ltr'><strong>naturam</strong></span> <span class='ocrx_word' id='word_1_422' title='bbox 416 4712 575 4787; x_wconf 72' lang='lat' dir='ltr'><strong>coherere,</strong></span> <span class='ocrx_word' id='word_1_423' title='bbox 590 4712 623 4774; x_wconf 86' lang='lat'>&amp;</span> <span class='ocrx_word' id='word_1_424' title='bbox 640 4728 806 4791; x_wconf 84' lang='lat' dir='ltr'><strong>permanere</strong></span> <span class='ocrx_word' id='word_1_425' title='bbox 825 4709 890 4771; x_wconf 88' lang='lat' dir='ltr'><strong>viti-</strong></span> <span class='ocrx_word' id='word_1_426' title='bbox 920 4712 1023 4774; x_wconf 78' lang='lat' dir='ltr'><strong>Lamb-</strong></span> <span class='ocrx_word' id='word_1_427' title='bbox 1037 4710 1122 4793; x_wconf 80' lang='lat' dir='ltr'><strong>Et‚fi</strong></span> <span class='ocrx_word' id='word_1_428' title='bbox 1134 4734 1225 4785; x_wconf 80' lang='lat' dir='ltr'><strong>omne,</strong></span> <span class='ocrx_word' id='word_1_429' title='bbox 1240 4714 1295 4774; x_wconf 79' lang='lat' dir='ltr'><strong>&amp;e</strong></span> <span class='ocrx_word' id='word_1_430' title='bbox 1313 4713 1401 4777; x_wconf 82' lang='lat' dir='ltr'><strong>Nota</strong></span> <span class='ocrx_word' id='word_1_431' title='bbox 1421 4711 1499 4774; x_wconf 88' lang='lat' dir='ltr'><strong>enim</strong></span> <span class='ocrx_word' id='word_1_432' title='bbox 1510 4714 1595 4775; x_wconf 83' lang='lat' dir='ltr'><strong>rario-</strong></span> 
     </span>
    </p>
   </div>
   <div class='ocr_carea' id='block_1_6' title="bbox 188 4790 1527 4960">
    <p class='ocr_par' dir='ltr' id='par_1_9' title="bbox 188 4790 1527 4960">
     <span class='ocr_line' id='line_1_42' title="bbox 191 4790 1527 4879; baseline -0.001 -26"><span class='ocrx_word' id='word_1_433' title='bbox 191 4790 255 4853; x_wconf 86' lang='lat' dir='ltr'><strong>bus</strong></span> <span class='ocrx_word' id='word_1_434' title='bbox 277 4812 380 4858; x_wconf 67' lang='lat' dir='ltr'><strong>nature</strong></span> <span class='ocrx_word' id='word_1_435' title='bbox 401 4791 413 4855; x_wconf 81' lang='lat' dir='ltr'><strong>l</strong></span> <span class='ocrx_word' id='word_1_436' title='bbox 432 4794 508 4857; x_wconf 86' lang='lat' dir='ltr'><strong>Dicit</strong></span> <span class='ocrx_word' id='word_1_437' title='bbox 526 4792 647 4859; x_wconf 86' lang='lat' dir='ltr'><strong>omnino</strong></span> <span class='ocrx_word' id='word_1_438' title='bbox 671 4814 681 4864; x_wconf 89' lang='lat'>;</span> <span class='ocrx_word' id='word_1_439' title='bbox 700 4812 791 4872; x_wconf 85' lang='lat' dir='ltr'><strong>neque</strong></span> <span class='ocrx_word' id='word_1_440' title='bbox 810 4790 890 4854; x_wconf 78' lang='lat' dir='ltr'><strong>aliter</strong></span> <span class='ocrx_word' id='word_1_441' title='bbox 919 4793 1025 4859; x_wconf 75' lang='lat' dir='ltr'><strong>cinaeo</strong></span> <span class='ocrx_word' id='word_1_442' title='bbox 1045 4794 1087 4856; x_wconf 86' lang='lat' dir='ltr'><strong>est</strong></span> <span class='ocrx_word' id='word_1_443' title='bbox 1107 4816 1118 4868; x_wconf 79' lang='lat'>5</span> <span class='ocrx_word' id='word_1_444' title='bbox 1137 4816 1197 4861; x_wconf 87' lang='lat' dir='ltr'><strong>non</strong></span> <span class='ocrx_word' id='word_1_445' title='bbox 1212 4792 1359 4879; x_wconf 84' lang='lat' dir='ltr'><strong>supetioris</strong></span> <span class='ocrx_word' id='word_1_446' title='bbox 1377 4791 1527 4861; x_wconf 88' lang='lat' dir='ltr'><strong>eonclulio.</strong></span> 
     </span>
     <span class='ocr_line' id='line_1_43' title="bbox 188 4872 1417 4960; baseline -0.011 -15"><span class='ocrx_word' id='word_1_447' title='bbox 188 4872 328 4945; x_wconf 61' lang='lat' dir='ltr'><strong>debuit:</strong></span> <span class='ocrx_word' id='word_1_448' title='bbox 351 4896 417 4942; x_wconf 72' lang='lat' dir='ltr'><strong>mm</strong></span> <span class='ocrx_word' id='word_1_449' title='bbox 450 4897 558 4960; x_wconf 86' lang='lat' dir='ltr'><strong>nempe</strong></span> <span class='ocrx_word' id='word_1_450' title='bbox 596 4875 762 4942; x_wconf 76' lang='lat' dir='ltr'><strong>senteutiam</strong></span> <span class='ocrx_word' id='word_1_451' title='bbox 789 4872 888 4951; x_wconf 67' lang='lat' dir='ltr'><strong>defen</strong></span> <span class='ocrx_word' id='word_1_452' title='bbox 1415 4926 1417 4931; x_wconf 79' lang='grc'>,</span> 
     </span>
    </p>
   </div>
   <div class='ocr_carea' id='block_1_7' title="bbox 0 0 2138 5592">
    <p class='ocr_par' dir='ltr' id='par_1_10' title="bbox 0 0 2138 5592">
     <span class='ocr_line' id='line_1_44' title="bbox 0 0 2138 5592; baseline 0 0"><span class='ocrx_word' id='word_1_453' title='bbox 0 0 2138 5592; x_wconf 95' lang='lat' dir='ltr'><strong> </strong></span> 
     </span>
    </p>
   </div>
  </div>
 </body>
</html>
