4259 5592
567 416 647 523 or
862 394 1656 505 rusoursuanun

558 592 663 684 beot.
691 598 901 679 Marcus
932 592 1020 703 Ego
1045 580 1407 701 aurem'ntmquam
1445 586 1506 675 ita·
1526 605 1574 669 re
1598 611 1649 671 err
1668 582 1957 685 boc-sermone

558 710 781 811 dimittam,
800 700 875 791 ulli
900 706 1113 792 utrarione
1130 730 1237 789 mors
1261 703 1332 792 tibi
1351 698 1474 791 videri
1493 696 1640 787 malurn
1655 702 1781 814 pollit.

517 888 520 893 -
616 822 847 909 Auurror.
877 818 1122 945 erpoteli3
1144 812 1953 944 cirmiliacognoverimanncusQul

499 963 507 1008 ἑ
558 940 694 1055 pollis,
720 944 859 1053 rogas?
889 938 1066 1021 Catervae
1090 931 1251 1019 veniunt
1276 939 1412 1021 contra
1432 933 1680 1037 dicennum,
1714 960 1799 1017 non
1826 930 1952 1031 mlum

557 1054 863 1169 Epicureorum,
884 1078 989 1162 quos
1013 1044 1199 1161 equidem
1215 1045 1251 1093 ⁷⁶
1266 1078 1350 1135 non
1372 1046 1569 1162 despicio,
1605 1043 1671 1130 sed
1699 1049 1829 1132 nescio
1865 1076 1951 1160 quo

556 1169 686 1257 modo
713 1166 955 1253 douiffimus
984 1167 1149 1277 quisque
1174 1168 1415 1249 contemnit:
1439 1162 1625 1261 acerrime
1647 1182 1778 1257 autem
1806 1159 1951 1249 delicia

555 1314 652 1373 rneae
678 1280 926 1369 Dicearchus
949 1296 1101 1363 contra,
1115 1277 1217 1363 hanc
1242 1275 1563 1367 immortalitatem
1587 1272 1769 1361 disseruit
1798 1280 1832 1360 ls
1845 1275 1949 1364 enim
1986 1378 1987 1383 Ν

554 1424 631 1488 tres
659 1395 778 1484 libros
798 1394 970 1508 scripsit,
997 1394 1068 1505 qui
1090 1390 1265 1479 Lesbiaci
1288 1416 1506 1497 uocannrr,
1520 1388 1634 1506 qubd
1659 1387 1855 1503 Mytilenis
1871 1391 1952 1477 ser-r

553 1545 626 1603 mo
646 1510 831 1615 babetur,
847 1510 888 1603 in
903 1505 1050 1621 quibus
1076 1506 1160 1592 v'ult
1177 1507 1353 1612 efficere,
1372 1512 1524 1594 animos
1536 1506 1613 1590 else
1627 1503 1812 1589 mortales.
1840 1510 1951 1591 Stoi-

553 1633 594 1714 ci
619 1652 752 1715 aurern
784 1624 937 1710 usuram
963 1617 1079 1707 nobis
1111 1620 1347 1739 largiuntur,
1371 1646 1556 1735 tanquam
1598 1613 1843 1707 conticibus:
1868 1612 1948 1705 dib

552 1744 758 1833 mansuros
778 1738 889 1826 aiunt
912 1740 1088 1837 animm,
1110 1738 1261 1849 semper.
1276 1761 1429 1851 negant
1941 1808 1943 1813 .

477 1893 556 1915 -·
610 1864 723 1943 Num
745 1853 804 1943 vis
824 1852 943 1969 iginrr
963 1850 1120 1954 audire,
1145 1880 1236 1955 cur,
1261 1851 1378 1937 etiam
1395 1854 1484 1935 stira
1507 1854 1578 1955 fit,
1599 1870 1944 1936 morstatnennon

480 1960 532 2051 3²
549 1970 599 2056 lit
621 1974 662 2056 in
690 1969 823 2059 malis?
862 1975 1100 2053 Auorron.
1130 1969 1183 2050 Ut
1204 1962 1381 2052 videtur:
1407 1964 1471 2052 sed
1494 1994 1558 2049 me
1578 1992 1698 2049 nemo
1714 1962 1766 2047 de
1783 1968 1944 2049 immor-

548 2083 693 2175 talitate
720 2083 908 2203 depellet.¹
924 2088 1138 2167 Marcus.
1167 2078 1306 2169 laudo
1340 2079 1382 2166 id
1407 2078 1593 2195 quidem:
1630 2078 1696 2163 etsr
1716 2076 1809 2161 nihil
1825 2082 1943 2173 ,runis

547 2228 579 2285 o
610 2222 712 2295 ortet
729 2194 942 2284 confidere.
970 2201 1182 2281 Movemur
1198 2196 1302 2279 enirn
1326 2194 1422 2309 supe
1440 2192 1574 2308 aliquo
1597 2194 1710 2279 actae
1738 2190 1941 2279 concluso:

547 2230 748 2417 labamus,
770 2309 1045 2423 mutarnt'rsque
1066 2308 1288 2395 sententiam
1314 2305 1537 2395 clarioribus
1555 2313 1668 2393 etiam
1692 2310 1731 2391 in
1752 2302 1941 2391 rebus:in

546 2428 609 2511 his
624 2428 660 2473 ⁷⁷
675 2426 729 2510 est
745 2430 850 2511 enirn
865 2424 998 2536 aliqua
1023 2418 1247 2508 obscuritas.
1277 2420 1321 2509 ld
1350 2424 1513 2539 igitursr
1539 2420 1720 2531 acciderit
1737 2420 1803 2525 ⁷⁸,
1831 2420 1942 2507 fimus

477 2638 482 2646 ,
545 2542 691 2625 armati.
723 2546 956 2626 Auurror.
984 2536 1085 2623 sane
1106 2536 1295 2649 quidem:
1319 2538 1409 2643 sed,
1430 2554 1482 2621 ne
1503 2536 1657 2623 accidat
1672 2535 1940 2651 ,providebo

603 2661 821 2742 Marcus
849 2658 961 2741 Num
988 2648 1087 2763 quid
1111 2654 1227 2763 igitur
1253 2652 1318 2735 est·
1333 2653 1477 2758 causae,
1496 2658 1595 2767 quin
1617 2651 1939 2739 amicosnollros

484 2819 488 2843 ι
544 2774 701 2857 Stoicos
721 2766 982 2865 dimittamus3
1002 2791 1073 2851 eos
1091 2764 1215 2869 dico,
1235 2770 1306 2879 qui
1323 2772 1431 2853 aiunt
1446 2768 1598 2853 animos
1618 2793 1774 2851 manere
1781 2766 1833 2870 ,ὲ
1851 2793 1938 2854 cor-

545 2911 645 2996 pore
671 2878 766 2967 cinn
789 2881 1038 2982 excesserint,
1066 2878 1242 2965 sednon
1277 2880 1423 2995 semper
1458 2882 1493 2927 ⁷⁹
1507 2894 1520 2975 ἓ
1557 2882 1650 2968 istos
1683 2884 1802 2967 verb:
1844 2887 1938 2997 qui,

543 2997 661 3110 quod
687 3020 772 3083 tota
794 3000 836 3082 in
861 2998 935 3081 hac
963 2992 1074 3080 causa
1099 2990 1367 3093 difficillimum
1385 2994 1462 3101 est,
1482 2996 1706 3111 suscipiant,
1726 2996 1840 3110 posse
1858 3002 1940 3083 ani-

477 3192 482 3199 .
542 3118 655 3195 inum
677 3135 834 3197 nunere
862 3134 1033 3219 corpore
1048 3131 1273 3195 vacantem:
1305 3109 1399 3197 illud
1422 3136 1576 3217 autem,
1602 3109 1717 3225 quod
1737 3140 1822 3197 non
1851 3142 1941 3201 mo-

541 3222 598 3310 db
619 3222 727 3323 facile
756 3222 809 3339 ad
823 3221 1073 3341 credendum
1096 3222 1177 3326 est,
1208 3221 1274 3308 sed
1309 3252 1360 3312 eo
1382 3230 1583 3313 concesso
1604 3284 1617 3331 ,
1638 3225 1752 3339 quod
1775 3227 1939 3332 volunt,

537 3339 808 3465 consequens,
831 3336 872 3432 id
902 3339 1006 3433 certe
1026 3366 1111 3428 non
1135 3334 1229 3427 dant
1241 3400 1255 3445 ,
1271 3359 1347 3447 ut,
1378 3346 1474 3426 cum
1496 3340 1570 3427 diu
1593 3340 1864 3476 peunurserit,
1890 3369 1939 3426 ne

781 3495 785 3501 ’
839 3506 847 3515 ·
1766 3478 1938 3543 mtereat

538 3725 673 3797 Marcus,
693 3727 786 3807 adfine
802 3732 872 3788 enim
883 3733 948 3807 ‚qni
964 3729 1016 3786 lm
1034 3748 1088 3786 nors
1101 3728 1215 3808 probent·
1252 3726 1359 3790 inducir
1380 3729 1495 3807 alicujus
1523 3728 1620 3790 Stoici.
1651 3728 1776 3790 Sensum
1794 3731 1877 3791 bunc
1898 3726 1940 3787 vi-

538 3807 623 3881 uideo
639 3805 774 3885 quosdam
788 3811 970 3879 abnueres,
1013 3808 1096 3869 uibus
1117 3806 1215 3871 servire
1254 3810 1330 3871 deo:
1350 3808 1473 3873 Venienr
1495 3809 1938 3889 carervaeconrradisputanrium,

537 3890 641 3953 debeo.
660 3892 698 3957 Er
719 3892 860 3975 coorplures
878 3889 973 3953 secum
984 3826 1132 3969 panuliam
1150 3888 1216 3950 fuis-
1254 3891 1301 3967 qui
1321 3910 1347 3951 re
1364 3894 1400 3953 ab
1418 3890 1461 3949 bis
1474 3910 1686 3969 reuocent,quae
1698 3890 1863 3969 persuadere
1874 3890 1940 3953 sum

497 3996 500 3999 ⁴
538 3968 566 4029 se
590 3969 736 4041 affirmavit
752 3969 846 4051 sopri,
864 3991 924 4051 cap.
936 3994 965 4044 4.
981 3990 1052 4048 quos
1070 3990 1129 4031 non
1146 3989 1215 4049 puto
1254 3990 1378 4033 conatus.
1414 3971 1497 4033 Nihil
1528 3973 1645 4051 quidem
1678 3972 1718 4033 est
1743 3992 1942 4054 magnopere,

537 4049 760 4124 idcommifflse‚
780 4072 813 4121 ur
836 4051 1010 4117 Ciceronem
1027 4050 1121 4116 solum
1148 4072 1216 4115 curn
1254 4056 1333 4129 quod
1352 4051 1403 4115 tibi
1416 4054 1452 4114 ab
1473 4053 1619 4133 Epicureis
1631 4056 1848 4116 metuamznori
1863 4056 1945 4135 qubd

537 4130 598 4193 solo
615 4134 751 4197 auditore
765 4134 973 4213 relinquerent,
991 4130 1061 4193 cirm
1082 4134 1155 4193 hanc
1167 4136 1218 4196 de-
1254 4134 1321 4197 illos
1348 4134 1518 4212 despiciam
1539 4135 1585 4197 sed
1608 4136 1684 4215 quud
1712 4156 1762 4197 eos
1784 4137 1943 4198 videamit
2017 4147 2019 4151 ’

536 4212 787 4288 clamadonem&
809 4216 937 4285 scholam
960 4216 1086 4279 haberer.
1113 4214 1217 4281 Schola
1253 4215 1407 4278 dottiffimo
1433 4234 1545 4295 quoque
1568 4216 1682 4296 despici.
1716 4216 1861 4296 Equidem
1877 4238 1943 4280 non

537 4292 601 4355 saud
615 4294 648 4354 ὅ(
665 4297 834 4359 declamatio
852 4317 998 4374 nunquam
1017 4295 1074 4358 fine
1089 4293 1218 4375 trequen-
1256 4296 1316 4359 satis
1341 4295 1490 4378 intelligo,
1512 4318 1562 4360 cur
1580 4299 1617 4359 ita
1635 4315 1873 4373 contemnannrr5
1891 4300 1942 4361 sed

535 4375 583 4453 tia.
601 4376 684 4454 rum
699 4378 771 4445 illud
788 4378 882 4459 adsum
901 4378 992 4457 potest
1012 4377 1044 4446 id
1063 4376 1157 4456 ipsum
1176 4378 1218 4441 di-
1249 4396 1468 4445 contenmuntur
1485 4398 1589 4441 nmen.
1608 4385 1647 4441 Ar
1661 4380 1859 4453 Dieearchus,
1878 4382 1938 4443 ho·

535 4477 619 4528 cere,
637 4463 716 4537 quod
739 4460 893 4539 expliertur
914 4480 986 4525 mox
1009 4458 1116 4532 usius,
1132 4464 1218 4521 Carer-
1254 4480 1303 4521 mo
1316 4459 1721 4541 uunimedespiciendus,ipse
1731 4483 1940 4541 quoqueacen

533 4559 579 4621 γε
597 4546 710 4601 mnsam
726 4540 816 4605 contri
831 4544 970 4605 dictem
987 4538 1044 4601 &n
1063 4542 1153 4603 Inest.
1252 4541 1325 4603 rime
1343 4544 1400 4605 &n
1421 4545 1523 4605 Iucu..

552 4630 625 4710 ,34-
645 4626 720 4702 Quor
737 4627 855 4702 equdem
871 4646 925 4687 nort
945 4623 1069 4705 dobieio]
1096 4620 1213 4683 nitrum
1295 4646 1341 4696 77.
1364 4631 1397 4687 ln
1420 4624 1626 4703 lisgsenimal'
1645 4624 1941 4703 molismumSeu-

535 4696 671 4790 sinister,
692 4718 774 4778 atque
792 4702 1005 4767 disimularione
1031 4702 1211 4767 Academica.
1248 4706 1333 4767 tentia
1349 4706 1624 4772 Academicorume
1661 4704 1719 4777 ‚in
1739 4708 1942 4771 reburomni-

503 4854 506 4857 ,
528 4780 626 4866 ,Νῆα
642 4780 673 4851 in
690 4781 811 4866 disleeb
836 4783 978 4872 lessius,
997 4784 1048 4855 ubi
1063 4782 1211 4882 personatu
1246 4786 1403 4873 busetinur
1413 4787 1578 4879 clarioribus
1586 4786 1658 4870 ,else
1669 4784 1870 4867 obsquium
1882 4790 1940 4853 ali-

1216 4936 1218 4941 .
1834 4891 1944 4953 ‘lum-
