4259 5592
516 428 801 521 traua
855 429 1296 523 Tunetun-
1521 470 1600 547 413

217 614 439 709 commodo
457 614 620 704 assedus
642 617 712 721 srt,
731 614 1024 731 predicandum
1038 620 1104 707 est.
1130 621 1342 735 Chrysippi
1356 623 1456 708 tatio
1477 621 1528 707 ad
1541 651 1613 707 ve·
1644 620 1647 627 ’

215 737 367 823 ritatem
383 733 586 818 firmissima
606 733 684 820 est:
704 731 757 817 ad
772 754 928 845 tempus
949 736 1188 849 egritudinis
1210 735 1386 823 difficilis.
1416 744 1609 851 Magnum

216 874 326 959 opus
343 847 429 951 est,
452 848 620 960 probare
642 846 850 951 murenti,
869 845 977 935 iilum
999 852 1072 937 suo
1092 850 1271 965 judicio,
1299 852 1338 937 δι
1363 851 1475 964 quod
1502 855 1538 937 se
1560 850 1612 953 ita'¹

215 984 328 1071 putet
346 986 530 1074 oportere
543 962 689 1065 facere,
701 990 873 1047 moerere.
902 971 1097 1061 Nimirum
1117 966 1256 1081 igitur,
1270 990 1315 1055 ut
1335 969 1376 1054 in
1390 970 1511 1052 causis
1527 998 1611 1053 non

215 1073 527 1187 semper-utimur
539 1075 689 1163 eodem
708 1078 807 1190 statu
817 1139 831 1182 ,
851 1078 871 1186 (
881 1079 936 1165 stc
953 1086 1057 1168 enim
1076 1082 1313 1197 appellamus
1328 1086 1610 1175 controversia-

215 1216 304 1271 rum
324 1201 492 1305 genera)
516 1191 579 1275 sed
598 1190 650 1277 ad
668 1212 850 1307 tempus,
872 1193 923 1279 ad
946 1198 1214 1283 controversia
1234 1220 1433 1300 naturam,
1452 1197 1502 1281 ad
1520 1226 1612 1310 per-

215 1301 349 1390 sonam
366 1306 739 1393 accommodamus:
761 1309 812 1393 fic
828 1308 871 1393 in
892 1312 1121 1424 aegritudine
1136 1312 1325 1397 lenienda.
1355 1318 1474 1421 Nam,
1489 1340 1611 1425 quam

215 1419 381 1534 quisque
401 1427 645 1509 curationem
670 1427 841 1536 recipere
862 1428 1000 1536 poffit,
1021 1427 1239 1515 videndum
1256 1428 1321 1513 est.
1441 1528 1450 1539 .,
1606 1502 1609 1511 ,

271 1534 348 1620 Sed
368 1542 496 1624 nescio
518 1568 604 1651 quo
623 1539 742 1650 patio
760 1539 902 1645 abeo,
922 1541 1038 1655 quod
1058 1565 1140 1631 erat
1159 1553 1182 1630 a
1201 1566 1239 1628 te
1256 1538 1610 1657 propofitum‚ab··.

214 1651 353 1739 erravit
377 1657 516 1741 oratio.
556 1658 622 1739 Tu
643 1659 749 1739 enim
769 1654 822 1739 de
846 1656 1014 1770 sapiente
1036 1657 1261 1773 quaesreras:
1283 1664 1348 1745 cui
1372 1678 1439 1744 aut
1464 1656 1610 1741 malum

214 1762 338 1854 videri
358 1767 509 1874 nulium
530 1770 682 1881 potest,
703 1768 818 1884 quod
842 1793 955 1857 vacet
975 1773 1241 1887 turpitudine:
1275 1795 1342 1859 aut
1366 1770 1418 1857 ita
1446 1800 1611 1883 parvum

214 1884 386 1989 malum,
409 1905 457 1967 -ut
481 1882 523 1968 id
549 1879 737 1993 obruatur
771 1884 979 1998 sapientii,
1007 1891 1155 2005 vixque.
1182 1908 1391 2001 appareat:
1422 1890 1492 1999 qui
1519 1886 1612 1972 nihii

214 2003 406 2110 opinione
427 2000 612 2114 affingat,
643 2000 889 2112 assumitque
926 2001 979 2086 ad
1009 2002 1280 2117 aegritudinem
1311 2034 1323 2089 z
1360 2029 1435 2087 nec
1462 1997 1507 2086 id
1528 2026 1611 2111 pu·.

213 2134 268 2197 tet
284 2114 366 2198 ⁴esse
392 2115 567 2218 redium,
591 2117 628 2199 se
650 2118 771 2226 quim
791 2119 959 2202 maxime
976 2120 1211 2222 excruciari,
1233 2116 1422 2229 iutiirque
1452 2114 1610 2209 conficir

213 2256 301 2341 quo
320 2234 476 2340 pravius
502 2228 595 2314 nihil
616 2232 828 2344 essepossit.
856 2228 1027 2318 Edocuit
1050 2255 1180 2317 tamen
1204 2230 1330 2334 ratio,
1353 2254 1396 2317 ut
1410 2226 1507 2313 mihi
1520 2229 1614 2342 qui„

212 2342 307 2431 dem
332 2341 513 2448 videtur,
538 2341 631 2431 ciam
655 2348 737 2431 hoc
759 2344 884 2459 ipsum
897 2346 1057 2459 proprie
1070 2376 1154 2433 non
1199 2365 1400 2431 uerteretur
1421 2348 1614 2441 boetem-2

213 2482 339 2573 pore,
364 2488 467 2543 num
482 2460 596 2572 quod
616 2460 709 2545 esset
729 2459 900 2563 maium,
924 2458 993 2545 nisr
1008 2459 1132 2573 quod
1151 2376 1258 2546 idem
1282 2459 1361 2545 dici
1387 2482 1502 2574 turpe
1516 2458 1609 2569 ροῦ-Ι

213 2575 290 2660 iet:
318 2596 451 2658 tamen
479 2598 523 2658 ut
541 2574 788 2680 videremus,
812 2571 1011 2689 quidquid
1039 2574 1132 2661 esset
1165 2576 1207 2659 in
1232 2568 1462 2687 aegritudine
1491 2572 1611 2676 mali,

213 2686 257 2773 id
283 2716 367 2773 non
393 2687 563 2778 naturaie
584 2690 689 2794 esse,
714 2685 780 2773 sed
799 2688 1022 2776 voluntario
1035 2687 1182 2798 judicio
1212 2691 1251 2775 ἃ
1276 2689 1477 2805 opinionis
1497 2715 1612 2779 ,erro-

214 2832 257 2889 re
271 2808 531 2891 contrarium
1605 2874 1610 2889 ,

271 2920 496 3007 Τῐεᾶαῐωῃ
520 2918 575 3004 est
594 2940 728 3004 autem
762 2921 787 3005 i
812 2916 929 3003 nobis
967 2916 1010 3003 id
1036 2947 1162 3033 genus
1189 2918 1455 3034 aegritudinis,
1497 2913 1611 3033 quod
1630 2986 1687 3003 ....

214 3062 341 3121 unum
372 3036 428 3120 est
450 3034 629 3123 omnium
651 3038 891 3137 maximum,
912 3055 979 3138 ut,
1000 3061 1052 3121 eo
1088 3033 1258 3139 sublato,
1282 3033 1524 3150 reliquorum
1551 3060 1613 3125 re·
1635 3042 1696 3119 34

213 3150 343 3237 media
367 3180 418 3235 ne
438 3176 679 3266 magnopere
706 3148 917 3264 quaerenda
941 3144 1180 3235 arbitremur.
1223 3155 1320 3235 Sunt
1345 3148 1453 3235 enim
1479 3170 1585 3237 certa
1597 3210 1613 3250 ,

245 3296 303 3351 uae
323 3267 375 3354 de
395 3288 643 3381 paupertate:
663 3288 792 3368 certa,
812 3292 900 3379 quae
930 3260 982 3347 de
1000 3266 1079 3350 vita
1107 3264 1343 3351 inhonorata
1377 3266 1417 3351 &
1446 3264 1613 3379 ingloria

213 3289 293 3467 dici
313 3380 467 3468 soleant
501 3384 710 3494 separatim
737 3404 849 3464 certae
875 3375 1014 3463 schole
1043 3379 1129 3461 suut
1150 3376 1201 3463 de
1229 3378 1374 3484 exilio,
1406 3376 1458 3463 de
1479 3379 1615 3469 interi-e

213 3515 259 3581 tu
279 3496 440 3609 patriae,
461 3497 513 3583 de
536 3494 739 3600 servitute,
756 3492 808 3579 de
827 3491 1023 3578 debiiirate
1038 3490 1115 3596 ,de
1142 3492 1336 3597 cecitate,
1368 3495 1410 3581 8(
1428 3493 1481 3579 de
1502 3497 1613 3581 omni

212 3610 328 3718 nasu,
353 3618 499 3727 inquo
521 3640 668 3698 nomen
689 3607 1143 3723 ponisoietcaiamitatia
1185 3614 1281 3695 Haec
1311 3609 1436 3697 Gtaeci
1462 3612 1504 3695 in
1531 3608 1614 3695 fin*

212 3726 321 3840 grtias
340 3730 486 3814 scholas
511 3728 551 3813 &
574 3727 616 3811 in
636 3723 806 3840 singulos
828 3721 947 3811 libros
968 3718 1206 3836 dispertiunt.
1237 3729 1354 3837 Opus
1378 3728 1482 3809 enim
1500 3750 1614 3835 qua·-

213 3865 326 3931 runt:
347 3872 575 3959 quanquam
599 3841 719 3957 pienae
741 3836 1021 3954 disputationes
1047 3834 1311 3927 deleuanonts
1333 3838 1431 3926 sunt
1475 3836 1527 3923 Et
1551 3859 1614 3921 ta«

212 3986 329 4063 men,
351 3983 395 4045 ut
414 3959 578 4065 medici,
596 3979 688 4043 toto
708 3981 878 4067 corpore
896 3951 1148 4060 “curandm
1186 3953 1353 4041 minima
1379 3956 1496 4041 etiam
1519 3982 1614 4063 par-r
1702 3986 1707 3997 ·

213 4076 265 4180 ti,
283 4076 314 4160 sr
330 4074 559 4181 condoluit,
581 4072 806 4159 medentur:
821 4073 874 4156 src
885 4066 1253 4267 philpfsophiamirm
1268 4068 1612 4265 universamdaegri-

912 4188 940 4270 F
1060 4216 1079 4293 3
1438 4205 1480 4268 tu
1512 4184 1618 4289 inem'

212 4408 275 4449 ntra
291 4392 393 4450 indutos
413 4391 459 4472 mse
472 4392 585 4473 perftrnis
605 4409 614 4451 ε
633 4410 749 4472 quarum
777 4407 832 4447 una
855 4384 888 4463 est
928 4384 1035 4446 tatione
1052 4383 1138 4445 totius
1152 4381 1294 4463 corporis,
1312 4385 1384 4445 dum
1397 4402 1501 4461 corpus
1515 4403 1613 4447 torum

211 4476 359 4532 comum
378 4494 388 4537 r
407 4476 488 4534 altera
505 4490 612 4543 amem,
630 4493 688 4553 qux
706 4468 819 4549 proprie
830 4466 887 4545 βυ-
926 4484 1031 4528 curam.
1052 4468 1095 4527 Ira
1113 4466 1184 4548 offic.
1200 4464 1251 4525 tib.
1270 4468 1292 4525 L
1313 4468 1463 4525 mastonem
1481 4462 1613 4527 Lanam

208 4555 285 4631 guiir
306 4554 460 4631 estnibuta.
491 4553 522 4613 Si
538 4554 601 4631 quis
628 4568 757 4621 veretur,
774 4566 808 4610 ut
826 4546 886 4609 satis
923 4548 1040 4630 profesti
1064 4549 1179 4626 tegerus
1206 4546 1296 4627 nfirir
1326 4544 1414 4629 efficies
1443 4546 1608 4627 pleniorem:

212 4632 353 4697 Latinum
370 4634 418 4708 fit,
438 4639 469 4695 de
487 4633 724 4717 ipfias,putitque
737 4632 891 4710 adjungen-
927 4630 1051 4691 lenione
1078 4628 1257 4698 nostrorum,
1275 4628 1401 4707 legendo
1432 4626 1532 4691 nostra.
1566 4634 1616 4689 De·

211 4720 287 4780 dum
303 4718 355 4778 effe
371 4717 557 4797 peaepoiidoni
577 4734 685 4778 nomen
705 4712 776 4775 sexti
791 4717 890 4780 carus,
932 4717 992 4794 Rep.
1005 4714 1058 4771 111.
1079 4711 1169 4789 Nqiaer
1187 4710 1313 4793 pyrrius,
1326 4708 1403 4787 soriis
1426 4706 1613 4789 defendendis,

211 4800 413 4878 tamquam
429 4801 524 4882 legat,
543 4800 725 4859 Ciceronem.
745 4798 891 4857 Arrotrert.
931 4811 1061 4852 terrarum
1078 4796 1137 4861 jam
1166 4797 1284 4853 mmm
1304 4796 1401 4873 potitur
1430 4790 1614 4870 diadesen·

257 4900 304 4955 54.
323 4886 385 4943 Toto
400 4900 502 4967 corpore
521 4882 662 4953 mann]
679 4880 744 4941 troc
762 4874 830 4948 usi,¹
845 4894 895 4939 ω-
934 4876 1030 4944 dendo
1046 4872 1147 4936 socios.
1166 4876 1329 4937 Pomm.
