4259 5592
544 470 594 550 μ
854 434 1026 524 nr.
1084 430 1629 524 crcauours

542 649 593 709 ne
615 644 752 710 contra
777 648 851 705 vos
868 635 952 707 tota
976 639 1065 704 nata
1082 617 1136 703 srt.
1165 623 1265 744 Qua
1289 616 1419 729 primo
1471 617 1645 733 regressu
1668 617 1801 706 festiva
1819 619 1942 710 tradit

543 738 729 824 elementa
752 731 966 849 loquendi,
991 728 1331 845 &ambiguorum
1356 735 1414 819 int
1460 735 1665 851 igentiarn,
1687 735 1942 823 concluden-

545 853 664 966 dique
687 855 900 937 rationem:
926 870 1032 951 tum,
1045 852 1179 960 paucis
1198 844 1366 952 additis,
1385 854 1492 936 venit
1510 848 1561 936 ad
1574 847 1730 954 soritas,
1743 848 1938 940 lubricum

545 966 630 1052 sane
653 967 691 1052 &
716 964 974 1077 pericuosum
997 961 1152 1050 locum:
1176 961 1291 1078 quod
1313 985 1358 1049 tu
1381 965 1510 1054 modi>
1531 961 1688 1050 dicebas
1710 967 1787 1050 esse
1812 968 1938 1056 vitio-

546 1081 628 1167 sum
643 1077 906 1194 interrogandi
926 1103 1061 1190 genus.
1734 1157 1743 1165 .

477 1205 535 1326 J·
604 1194 717 1318 Qud
736 1197 864 1308 ergo.²
880 1192 985 1278 istius
1004 1192 1088 1279 vitii
1113 1211 1211 1282 num
1230 1194 1357 1280 nostra
1378 1193 1493 1310 culpa
1513 1196 1604 1282 est?
1632 1200 1773 1282 Rerum
1798 1215 1938 1294 natura

504 1274 531 1348 9
545 1309 690 1396 nuttam·
706 1308 822 1396 nobis
844 1305 952 1394 dedit
976 1306 1246 1424 cognitionem
1271 1306 1435 1415 finium,
1462 1334 1509 1398 ut
1531 1309 1605 1396 ulla
1632 1313 1670 1394 in
1705 1338 1747 1394 re
1770 1309 1937 1396 statuere

545 1424 757 1540 possimus',
773 1445 975 1537 quatenus.
1007 1429 1095 1511 Nec
1115 1426 1197 1510 hoc
1216 1426 1257 1509 in
1272 1452 1414 1511 acervo
1434 1426 1547 1512 tritici
1565 1417 1714 1526 solum,
1734 1424 1841 1509 unde
1854 1455 1938 1512 no·

545 1565 638 1624 men
660 1537 739 1643 est,
765 1536 829 1624 sed
852 1537 953 1624 nulla
976 1542 1145 1625 onmino
1162 1537 1203 1622 in
1226 1538 1496 1626 reminutatim
1512 1539 1938 1653 interrogantizdivea,

545 1681 718 1768 pauper:
740 1652 882 1758 clarus,
904 1647 1092 1740 obscurus
1102 1655 1151 1740 sit
1167 1652 1333 1757 tunultu,
1348 1682 1493 1767 pauca:
1508 1681 1827 1768 magna,parva:
1842 1654 1938 1738 lon·

449 1772 453 1780 ’
546 1797 597 1880 ga
609 1830 623 1873 ,
646 1770 796 1856 brevia:
821 1768 921 1873 lata,
938 1773 1115 1883 angusta:
1129 1788 1280 1881 quanto
1297 1790 1366 1854 aut
1381 1768 1520 1856 addito
1534 1833 1548 1874 ,
1562 1795 1628 1854 aut
1649 1767 1935 1881 dempt0,cet·

544 1903 631 1968 tum
648 1881 972 1995 respondeam,
997 1913 1083 1969 non
1102 1883 1301 1968 habemua
1766 1932 1769 1937 ·

603 2005 654 2085 At
681 1997 806 2084 vitiosr
829 1997 914 2084 sunt
936 2001 1068 2084 sorita.
1096 2003 1271 2111 Frangite
1283 2001 1408 2110 igitur
1423 2025 1516 2101 tos,
1539 1997 1765 2111 sipotestis‚
1780 2027 1831 2084 ne
1841 2028 1935 2086 mo·

545 2111 625 2198 sesti
647 2112 729 2199 fint.
756 2117 877 2200 Erunt
900 2115 1034 2218 enim,
1060 2113 1130 2198 nisa
1149 2109 1301 2198 cavetis.
1328 2117 1504 2198 Cautum
1526 2112 1604 2216 est,
1640 2116 1778 2226 inquit.
1808 2115 1935 2200 Placet

544 2227 652 2312 enim
683 2227 932 2342 Chrysippo,
956 2223 1048 2312 ciam
1064 2223 1254 2342 gradatim
1267 2229 1551 2340 interrogetur,
1567 2227 1676 2312 verbi
1696 2223 1833 2332 cauti,
1848 2233 1933 2330 tria,

543 2370 671 2454 pauca
696 2343 793 2445 fint,
811 2351 912 2426 anne
932 2342 1076 2428 multa:
1101 2340 1298 2454 aliquanto
1320 2335 1454 2467 prius,
1480 2345 1601 2456 quarn
1623 2340 1675 2426 ad
1696 2342 1815 2427 multa
1839 2370 1931 2456 per-

544 2457 699 2558 veniat,
726 2457 944 2566 quiescere,
965 2455 1007 2540 id
1029 2456 1105 2557 est,
1126 2453 1239 2566 quod
1258 2453 1308 2539 ab
1321 2453 1544 2558 titdicitur,
1559 2454 1757 2563 ἤσνχᾶζω.
1786 2461 1934 2542 Perme

544 2567 607 2652 vel
631 2569 759 2652 stertas
782 2567 870 2654 litet
882 2631 896 2672 ,
914 2567 1042 2680 inquit
1065 2565 1311 2672 Carneades,
1337 2597 1419 2652 non
1445 2568 1571 2654 modo
1595 2572 1774 2682 quiescas.
1802 2569 1929 2655 sed⁹¹

546 2680 644 2796 quid
672 2679 864 2795 proficit?
884 2682 1053 2797 sequitur
1071 2685 1175 2769 enim
1195 2682 1266 2793 qui
1287 2705 1326 2768 te
1336 2707 1384 2764 ex
1400 2681 1540 2770 somno
1554 2686 1693 2768 excitet
1706 2684 1935 2786 ,tamdem

544 2795 673 2884 modo
693 2795 915 2912 interroget.
944 2803 1041 2921 an
1061 2799 1103 2880 in
1124 2823 1288 2883 numero
1311 2795 1530 2884 conticuisti
1544 2829 1555 2883 t
1570 2795 1598 2884 sr
1611 2794 1663 2880 ad
1685 2823 1931 2885 eumnume.

545 2941 632 2998 rum
651 2940 776 2998 unum
795 2910 985 2998 addidero
998 2975 1012 3015 ,
1024 2909 1195 2996 multane
1206 2923 1347 3003 erunt?
1364 2910 1616 3024 Progrediere
1631 2911 1756 2998 rursus
1769 2914 1933 3028 ,quoad

544 3025 754 3112 videbitur.
797 3024 909 3148 Qtid
932 3025 1040 3137 plura
1053 3029 1078 3108 ‚2
1102 3025 1183 3110 hoc
1215 3029 1321 3110 enim
1347 3023 1505 3111 soteris:
1535 3052 1664 3137 neque
1686 3025 1864 3113 adtimum
1890 3052 1936 3115 te

544 3167 792 3255 paucorum,
809 3163 937 3255 neque
958 3141 1129 3251 primun
1157 3136 1371 3224 multorum
1392 3139 1623 3254 respondere
1645 3143 1763 3252 posse.
1788 3143 1937 3249 Cuius

545 3257 695 3368 generis
720 3281 827 3341 error
849 3252 904 3340 ita
927 3275 1084 3360 manat,
1113 3273 1160 3340 ut
1174 3281 1258 3340 non
1279 3251 1467 3359 videam,
1504 3257 1589 3369 quo
1611 3283 1696 3341 non
1725 3257 1838 3370 poisrt
1863 3285 1932 3341 ac-

545 3369 696 3456 cedere.

602 3483 710 3573 Nihil
722 3511 789 3568 me
807 3483 919 3590 taedit,
937 3483 1075 3600 inquit.
1103 3488 1190 3599 Ego
1204 3488 1222 3529 ⁹
1226 3489 1241 3523 ²
1254 3488 1438 3589 enim‚ut
1457 3489 1622 3599 agitator
1639 3483 1810 3590 callidus,
1822 3481 1934 3600 priite

546 3606 666 3714 quam
685 3597 872 3686 adfinem
895 3605 1079 3704 veniam,
1103 3626 1231 3716 equos
1251 3597 1468 3686 sunnebo:
1491 3606 1622 3715 eoque
1644 3605 1790 3714 magis,
1815 3601 1843 3684 fi
1866 3600 1931 3687 lo.

544 3743 614 3800 tus
630 3721 686 3819 ia,
706 3719 790 3830 quo
805 3712 974 3820 ferentur
997 3718 1119 3828 equi,
1139 3742 1309 3828 praeceps
1334 3714 1435 3801 erit:
1461 3715 1513 3798 sic
1535 3743 1623 3817 rne,
1650 3717 1691 3797 in
1721 3719 1812 3819 uit,
1836 3717 1928 3802 ante

544 3827 762 3936 sustinebo,
784 3855 857 3914 nec
877 3827 1022 3916 diutius
1043 3833 1218 3944 captiose
1240 3828 1494 3942 interroganti
1519 3745 1775 3945 respondedo.
1803 3834 1843 3916 Si
1857 3833 1936 3916 ha·

543 3941 611 4032 bes
623 4010 637 4053 ,
665 3945 781 4061 quod
802 3943 965 4060 liqueat,
985 3972 1116 4057 neque
1137 3941 1369 4060 respondes,
1393 3943 1590 4058 superbis:
1615 3945 1646 4028 st
1669 3973 1755 4049 noo
1776 3940 1894 4028 habes
1906 4006 1923 4049 ,

542 4089 592 4145 ne
613 4085 657 4148 tu
684 4058 849 4178 quidem
868 4058 1075 4172 perspicis9
1082 4063 1109 4145 ³.
1130 4063 1194 4163 Si,
1241 4063 1305 4146 uia
1331 4055 1526 4164 obscura,
1550 4056 1757 4146 concedo:
1779 4056 1848 4143 sed
1858 4085 1930 4144 ne-

543 4204 610 4287 gas
629 4199 668 4260 te
681 4177 803 4291 usque
819 4174 871 4262 ad
883 4171 1044 4262 obscura
1064 4092 1262 4290 progredi.
1292 4171 1496 4260 illustribus
1515 4174 1632 4289 igitur
1645 4169 1761 4261 rebus
1784 4175 1929 4372 ἱειῑιίὶίἒις

1912 4318 1928 4373 ι

581 4500 632 4574 .⁹.¹·
642 4485 689 4542 Sed
698 4487 760 4563 quid
769 4481 910 4561 proficits]
930 4485 1005 4544 Patet
1015 4480 1165 4575 secupdam
1177 4501 1219 4542 re-
1243 4479 1399 4542 ,ciceronis
1415 4479 1593 4548 munina
1608 4473 1779 4544 crediderim
1789 4523 1799 4554 ,
1807 4481 1855 4562 [et
1864 4483 1931 4562 quid

542 4579 615 4702 2¹:12¹
626 4562 832 4705 {issisti
848 4565 982 4706 {stt
982 4561 1216 4706 affingp
1251 4583 1270 4640 ¹²
1271 4557 1353 4710 ‘⁰52³
1362 4562 1505 4720 riis...
1594 4641 1742 4723 mma]
1764 4647 1859 4708 a...
1879 4639 1929 4702 n.

533 4721 662 4818 firi-quid
675 4740 710 4806 pr
754 4721 795 4783 is?
815 4664 1008 4813 Nslrilorrdnus
1031 4665 1101 4788 estur
1110 4665 1215 4816 sumis
1241 4721 1324 4796 ⁴mihi
1334 4741 1435 4801 parum
1448 4686 1648 4787 undidem
1655 4748 1666 4796 3
1681 4745 1735 4786 noc
1746 4745 1841 4786 tamen
1849 4723 1930 4801 quic·

540 4823 687 4871 nationem
725 4821 813 4868 taram
827 4821 962 4867 remeant
980 4827 1081 4882 omnes
1098 4805 1219 4888 atri-,a
1248 4824 1335 4886 quam
1354 4807 1450 4888 iurant
1466 4805 1592 4873 codices.
1600 4805 1705 4874 Forfin
1715 4808 1938 4890 reponendum.

1869 4890 1938 4968 ¹³3⁰
