4259 5592
471 435 760 531 arnan
815 434 1243 533 erastus.
1482 482 1556 565 .„

196 628 310 717 thae
329 620 609 744 tu,'inquam,
631 634 765 731 Cato,
794 612 919 710 verbis
945 620 1147 713 illustribus
1172 614 1302 731 &id',
1328 629 1440 745 quod
1471 636 1558 740 vis,
1578 678 1633 699 -··

178 742 471 829 declarantibus.
498 748 630 859 ltaque
653 744 749 827 mihi
772 736 913 825 videris
933 736 1066 825 latine
1090 739 1235 829 docere
1255 742 1560 855 philosophiam,
1584 746 1630 801 ¹²

154 856 216 941 ·&
242 860 278 941 ei
301 855 407 971 quast
435 856 626 944 civitatem
647 854 760 939 dare:
781 882 869 1050 luae
890 850 1051 967 quidem
1073 854 1203 943 adhuc
1226 860 1456 969 peregrinari
1478 868 1560 949 Ro-

174 996 250 1052 mae
274 967 502 1073 videbatur,
527 994 598 1052 nec
618 968 758 1052 offerre
800 966 859 1052 ese
875 964 1014 1054 nostris
1033 964 1298 1055 sermonibus:
1325 972 1364 1053 8(
1385 972 1453 1057 ista
1476 1004 1560 1061 ma-

156 1083 280 1168 ‘nme
309 1103 470 1196 propter
488 1081 658 1167 limatam
667 1080 876 1280 ipmndnn
902 1080 941 1165 &
972 1108 1100 1167 rerum
1127 1084 1168 1169 bt
1197 1077 1408 1171 verborum
1432 1092 1562 1173 tenui-

174 1217 304 1284 tatem
351 1198 443 1280 Scio
456 1199 492 1234 ²²
507 1194 610 1279 enim
643 1221 665 1279 e
697 1194 957 1311 equosdam,
1004 1194 1047 1279 ui
1066 1192 1202 1309 quivis
1230 1196 1282 1279 lin
1311 1194 1362 1281 ui
1388 1200 1564 1310 philoso-

176 1312 286 1425 phari
309 1310 474 1421 potant,
496 1308 609 1395 nullis
644 1334 773 1397 tamen
795 1224 1068 1424 panitiomlsus
1080 1372 1094 1413 ,
1129 1309 1237 1396 nullis
1269 1227 1564 1400 ‹lefinitionibus

177 1441 364 1511 utuntur:
386 1426 536 1539 ipsique
556 1422 723 1530 dicunt,
746 1451 792 1509 ea
820 1425 857 1508 se
889 1422 1015 1509 modo
1041 1420 1233 1537 probare,
1260 1422 1403 1538 quibus
1428 1450 1564 1514 natura

177 1542 290 1625 tacita
313 1537 540 1625 assentiatur.
570 1544 705 1654 ltaque
726 1537 769 1622 in
792 1537 906 1624 rebus
924 1536 1083 1623 mittime
1110 1537 1288 1626 obscuris
1310 1569 1394 1626 non
1418 1542 1560 1627 multus

177 1653 234 1737 ell
257 1650 364 1765 apud
388 1677 459 1737 eos
480 1651 685 1739 disserendi
710 1649 830 1739 labor.
870 1660 1002 1853 (Ἕκ
1028 1653 1188 1741 attendo
1213 1674 1252 1738 te
1273 1652 1444 1739 studiose
1455 1718 1470 1759 ,
1495 1656 1562 1759 St,

175 1793 437 1881 quaerunque
458 1766 574 1853 rebus
598 1766 670 1871 iis,
693 1762 902 1881 dequibus
955 1768 989 1853 'e
1014 1764 1136 1853 senno
1156 1768 1230 1869 est,
1247 1772 1408 1852 nomina
1430 1772 1563 1900 impo-

174 1886 263 1984 nis,
285 1878 480 1966 memoriae
507 1880 666 1967 mando.
706 1884 806 1967 Mihi
834 1885 940 1965 enim
957 1879 1029 1966 erit
1055 1880 1186 1965 iisdem
1213 1881 1288 1966 istis
1312 1880 1465 1967 fortasse
1488 1907 1563 1995 ram

146 2000 149 2003 ’
172 1993 379 2080 utendum
407 1990 621 2079 Virtutibus
641 1994 760 2108 igitur
784 1994 979 2082 scamma
1001 1993 1099 2079 mihi
1121 1993 1290 2096 videris,
1322 1996 1361 2080 δι
1385 1994 1436 2079 ad
1461 2023 1564 2083 corr-

172 2106 418 2194 suetudinena
439 2108 578 2195 nostra
601 2111 824 2212 orationis,
856 2112 948 2194 vitia
983 2107 1152 2221 pos'urlst
1182 2112 1382 2195 contraria.
1435 2109 1565 2231 Qod

173 2226 282 2307 enim
297 2218 549 2333 vituperabile
571 2223 624 2306 est
647 2249 718 2335 per
742 2220 949 2335 stipsum,
972 2220 1014 2305 id
1035 2247 1087 2308 eo
1107 2223 1192 2335 ipso
1220 2218 1356 2309 vitium
1380 2230 1562 2311 nomina-

173 2361 261 2422 tum
279 2359 408 2450 puto,
429 2334 490 2421 vel
516 2338 631 2421 etiam
651 2340 677 2421 al
699 2338 797 2422 vitio
817 2333 967 2421 dietum
991 2338 1209 2447 vituperari.
1244 2337 1309 2417 Sin
1333 2334 1455 2417 malas
1477 2366 1562 2423 ma.

174 2451 293 2537 litiam
318 2448 496 2553 dixisses,
521 2448 572 2534 ad
596 2447 700 2535 aliud
724 2476 799 2533 nos
820 2476 946 2533 unum
971 2470 1123 2535 certum
1149 2450 1287 2534 vitium
1316 2446 1562 2538 consuetudo

173 2567 311 2652 latina
333 2562 558 2650 traduceret.
585 2568 707 2651 Nunc
734 2567 846 2649 omni
870 2566 1003 2651 virtuti
1023 2561 1162 2649 vitium
1188 2567 1383 2649 contrario
1402 2568 1564 2651 nomine

176 2677 406 2795 opponitur.

232 2796 342 2878 Tum
366 2792 445 2880 ille:
466 2792 539 2878 His
560 2795 677 2906 igitur
698 2796 750 2879 ita
771 2792 930 2906 politis,
951 2791 1104 2908 inquit,
1123 2792 1292 2989 sepuitur
1307 2820 1447 2905 magna
1462 2821 1564 2877 con·

176 2905 330 2993 tentio:
355 2936 442 3021 quae
457 2912 682 3020 pertractata
700 2908 794 2993 esta
818 2910 1074 3018 Peripateticis
1095 2907 1175 2993 mol
1188 2902 1258 2992 ius.
1288 2910 1347 2991 Est
1373 2907 1564 2993 enimeo·

177 3048 264 3104 rum
287 3021 532 3105 consuetudo
558 3019 717 3107 dicendi
737 3049 820 3106 non
844 3021 927 3105 satis
945 3042 1056 3104 acuta
1072 3043 1261 3133 ,propter
1279 3020 1566 3134 ignorationem

166 3132 395 3223 dialecii'cae.
424 3132 644 3219 Carneades
655 3130 936 3247 tuus,egregiai
955 3133 1125 3245 quadam
1140 3138 1411 3219 exercitatione
1424 3140 1464 3219 in
1478 3134 1564 3220 dia-

177 3246 319 3334 lesiicis
331 3311 345 3353 ‚
367 3247 594 3365 summique
624 3246 867 3362 eloquentiis,
890 3274 972 3331 rem
995 3246 1037 3329 in
1061 3247 1254 3333 summum
1278 3246 1477 3333 discrimen
1494 3246 1566 3333 ad-

166 3362 314 3448 duxit:
340 3386 546 3476 propterea
572 3361 686 3478 qubd
708 3388 884 3476 pugnare
898 3390 982 3447 non
997 3359 1160 3464 destitit,
1180 3364 1220 3444 in
1237 3362 1348 3447 omni
1365 3366 1438 3447 hac
1452 3390 1563 3478 quae-

177 3474 330 3588 stione,
352 3505 438 3590 quae
468 3472 655 3563 debonis
680 3477 719 3562 δι
748 3476 856 3561 malis
879 3474 1111 3587 appelletur,
1129 3503 1212 3560 non
1233 3477 1309 3560 esse
1322 3474 1565 3562 rerumStoi-

179 3594 231 3673 cis
253 3617 348 3681 cum
374 3588 631 3703 Peripateticis
646 3592 972 3691 controversiam,
992 3585 1056 3672 sed
1078 3594 1296 3674 nominum.
1325 3590 1424 3675 Mihi
1437 3608 1567 3676 autern

181 3702 270 3788 nihil
293 3726 372 3788 tam
395 3704 642 3816 perspicuum
660 3703 842 3807 videtur,
866 3708 985 3818 quim
1006 3706 1073 3787 has
1099 3704 1297 3788 sententias
1317 3730 1454 3789 eorum
1476 3704 1566 3815 phi-

181 3816 435 3931 losophorum
461 3844 502 3900 re
529 3819 628 3902 inter
654 3818 690 3901 se
716 3818 864 3931 magis,
890 3822 1009 3929 quim
1039 3814 1190 3921 verbis,
1215 3815 1399 3903 diffidere.
1440 3816 1567 3921 Maio-

183 3958 260 4016 rem
285 3930 411 4019 multb
435 3936 535 4017 inter
557 3936 712 4019 Stoicos
734 3932 1063 4126 &Peripatelt'icos
1091 3961 1219 4018 rerum
1241 3932 1315 4017 else
1338 3932 1402 4019 aio
1426 3930 1568 4017 discre-

911 4050 940 4131 B
1041 4076 1063 4129 2
1464 4075 1565 4159 pan-

179 4312 261 4355 aerare
282 4296 432 4377 longissime
458 4317 584 4362 remotos
603 4322 612 4369 3
633 4319 666 4361 ut
688 4303 719 4362 in
739 4301 857 4381 epistola
891 4303 1047 4373 titionibru]
1068 4300 1152 4361 Nihil
1163 4298 1203 4359 est
1210 4299 1328 4375 apertius
1345 4300 1428 4373 quim
1444 4298 1504 4378 legi
1518 4302 1567 4359 do·

180 4378 356 4455 adAppium
363 4380 435 4450 ,lib
445 4383 498 4441 111.
507 4383 587 4440 Fam.
600 4400 644 4457 ep.
659 4404 703 4443 rr.
723 4389 750 4444 st
773 4384 856 4462 sessor
894 4387 975 4450 bere,
995 4382 1107 4443 mutatis
1133 4380 1329 4459 particularum
1353 4378 1484 4449 sedibus,
1513 4382 1566 4437 Scit

180 4476 226 4528 er,
242 4460 275 4517 tle
291 4474 394 4552 pomo
423 4462 534 4522 mlaim
557 4468 665 4540 cogitato
695 4483 740 4524 ruo
760 4489 768 4521 :
787 4464 857 4525 cirin
894 4482 989 4523 nmen
1007 4462 1051 4543 effe
1071 4462 1271 4543 quosdam‚qui
1287 4463 1384 4539 quavis
1408 4455 1499 4538 tingrrd
1511 4460 1569 4541 plri-

178 4536 326 4617 deAppto
352 4542 452 4611 Coeo,
466 4540 515 4621 qui
534 4540 630 4625 Pyrrhi
642 4562 744 4622 pacem
761 4544 858 4607 disua-
895 4545 1017 4623 losoplrati
1060 4542 1152 4623 fftnts
1173 4541 1251 4605 nous
1266 4538 1344 4599 enim
1363 4540 1568 4621 positionibus,

178 4615 396 4701 fineumloqui
409 4624 525 4684 constet.
550 4626 580 4684 Ρ.
600 4624 776 4687 Massurius.
895 4624 973 4684 nullis.
1061 4624 1177 4683 “onibus
1194 4640 1312 4685 uantur.
1352 4622 1400 4683 Ad
1416 4620 1570 4699 Epicureos

224 4721 268 4761 22.
288 4708 343 4764 Scio
365 4702 447 4765 adn
466 4703 518 4786 effe
536 4704 681 4787 quosdam
698 4711 744 4785 qui
761 4709 858 4787 quevis
895 4700 1011 4781 respicit.
1031 4704 1107 4767 Vide
1122 4700 1201 4783 supri
1218 4702 1269 4785 lib,
1290 4702 1328 4765 Il.
1353 4723 1413 4781 cap.
1429 4724 1455 4761 ι.
1473 4722 1503 4771 9.
1523 4708 1572 4761 toi

174 4778 451 4869 leo-tynum
465 4784 576 4871 subn
595 4786 677 4865 „utta
692 4802 860 4869 mapa:
898 4788 1053 4863 Datum
1480 4783 1484 4794 '
1574 4844 1576 4851 .
