<?xml version="1.0" encoding="UTF-8"?>
<!DOCTYPE html PUBLIC "-//W3C//DTD XHTML 1.0 Transitional//EN"
    "http://www.w3.org/TR/xhtml1/DTD/xhtml1-transitional.dtd">
<html xmlns="http://www.w3.org/1999/xhtml" xml:lang="en" lang="en">
 <head>
  <title>
</title>
<meta http-equiv="Content-Type" content="text/html;charset=utf-8" />
  <meta name='ocr-system' content='tesseract 3.04.00' />
  <meta name='ocr-capabilities' content='ocr_page ocr_carea ocr_par ocr_line ocrx_word'/>
</head>
<body>
  <div class='ocr_page' id='page_1' title='image "./opera00cicegoog/opera00cicegoog_0424.png"; bbox 0 0 4259 5592; ppageno 0'>
   <div class='ocr_carea' id='block_1_1' title="bbox 568 419 1674 547">
    <p class='ocr_par' dir='ltr' id='par_1_1' title="bbox 568 419 1674 547">
     <span class='ocr_line' id='line_1_1' title="bbox 568 419 1674 547; baseline -0.014 -20"><span class='ocrx_word' id='word_1_1' title='bbox 568 469 695 547; x_wconf 77' lang='lat'>4²2.</span> <span class='ocrx_word' id='word_1_2' title='bbox 873 427 919 514; x_wconf 82' lang='lat' dir='ltr'><strong>T</strong></span> <span class='ocrx_word' id='word_1_3' title='bbox 945 425 986 513; x_wconf 86' lang='lat' dir='ltr'>U</span> <span class='ocrx_word' id='word_1_4' title='bbox 1012 423 1043 512; x_wconf 85' lang='lat' dir='ltr'>S</span> <span class='ocrx_word' id='word_1_5' title='bbox 1070 427 1110 513; x_wconf 87' lang='lat' dir='ltr'>C</span> <span class='ocrx_word' id='word_1_6' title='bbox 1137 419 1312 511; x_wconf 65' lang='grc' dir='ltr'>ΗΒΑ</span> <span class='ocrx_word' id='word_1_7' title='bbox 1340 423 1387 509; x_wconf 90' lang='grc' dir='ltr'>Ν</span> <span class='ocrx_word' id='word_1_8' title='bbox 1414 420 1674 512; x_wconf 76' lang='lat' dir='ltr'>ARvM</span> 
     </span>
    </p>
   </div>
   <div class='ocr_carea' id='block_1_2' title="bbox 490 603 2092 4286">
    <p class='ocr_par' dir='ltr' id='par_1_2' title="bbox 561 603 1967 729">
     <span class='ocr_line' id='line_1_2' title="bbox 561 603 1967 729; baseline -0.001 -24"><span class='ocrx_word' id='word_1_9' title='bbox 561 615 649 708; x_wconf 82' lang='lat' dir='ltr'>rltnr</span> <span class='ocrx_word' id='word_1_10' title='bbox 663 621 673 663; x_wconf 84' lang='lat'>⁵</span> <span class='ocrx_word' id='word_1_11' title='bbox 686 615 745 704; x_wconf 84' lang='lat' dir='ltr'>illa</span> <span class='ocrx_word' id='word_1_12' title='bbox 763 617 906 716; x_wconf 76' lang='lat' dir='ltr'>etiarn,</span> <span class='ocrx_word' id='word_1_13' title='bbox 927 637 1014 724; x_wconf 80' lang='lat' dir='ltr'>qua</span> <span class='ocrx_word' id='word_1_14' title='bbox 1034 611 1258 696; x_wconf 86' lang='lat' dir='ltr'>efficiuntur</span> <span class='ocrx_word' id='word_1_15' title='bbox 1280 603 1669 722; x_wconf 75' lang='lat' dir='ltr'>perturbationibus,</span> <span class='ocrx_word' id='word_1_16' title='bbox 1702 631 1749 700; x_wconf 81' lang='lat' dir='ltr'>nt</span> <span class='ocrx_word' id='word_1_17' title='bbox 1768 609 1967 729; x_wconf 71' lang='lat' dir='ltr'>agritrrdo</span> 
     </span>
    </p>

    <p class='ocr_par' dir='ltr' id='par_1_3' title="bbox 561 723 1969 848">
     <span class='ocr_line' id='line_1_3' title="bbox 561 723 1969 848; baseline -0.006 -26"><span class='ocrx_word' id='word_1_18' title='bbox 561 735 673 848; x_wconf 79' lang='lat' dir='ltr'>quast</span> <span class='ocrx_word' id='word_1_19' title='bbox 692 730 863 818; x_wconf 88' lang='lat' dir='ltr'>morsum</span> <span class='ocrx_word' id='word_1_20' title='bbox 896 725 1068 840; x_wconf 83' lang='lat' dir='ltr'>aliquem</span> <span class='ocrx_word' id='word_1_21' title='bbox 1092 725 1242 813; x_wconf 79' lang='lat' dir='ltr'>doloris</span> <span class='ocrx_word' id='word_1_22' title='bbox 1263 723 1429 825; x_wconf 59' lang='lat' dir='ltr'>efficiam</span> <span class='ocrx_word' id='word_1_23' title='bbox 1454 748 1585 811; x_wconf 81' lang='lat' dir='ltr'>tuetur</span> <span class='ocrx_word' id='word_1_24' title='bbox 1605 728 1797 814; x_wconf 69' lang='lat' dir='ltr'>tecelsmn</span> <span class='ocrx_word' id='word_1_25' title='bbox 1832 757 1969 842; x_wconf 73' lang='lat' dir='ltr'>‹pinr-</span> 
     </span>
    </p>

    <p class='ocr_par' dir='ltr' id='par_1_4' title="bbox 560 837 1966 1185">
     <span class='ocr_line' id='line_1_4' title="bbox 560 837 1966 956; baseline 0 -23"><span class='ocrx_word' id='word_1_26' title='bbox 560 849 657 938; x_wconf 81' lang='lat' dir='ltr'>darn</span> <span class='ocrx_word' id='word_1_27' title='bbox 678 843 799 933; x_wconf 84' lang='lat' dir='ltr'>animi</span> <span class='ocrx_word' id='word_1_28' title='bbox 823 841 1041 956; x_wconf 65' lang='lat' dir='ltr'>&amp;seigam</span> <span class='ocrx_word' id='word_1_29' title='bbox 1065 841 1191 936; x_wconf 81' lang='lat' dir='ltr'>latitia</span> <span class='ocrx_word' id='word_1_30' title='bbox 1212 839 1411 952; x_wconf 75' lang='lat' dir='ltr'>profitsam</span> <span class='ocrx_word' id='word_1_31' title='bbox 1430 839 1686 943; x_wconf 69' lang='lat' dir='ltr'>hilaritatem</span> <span class='ocrx_word' id='word_1_32' title='bbox 1700 837 1832 931; x_wconf 80' lang='lat' dir='ltr'>libido</span> <span class='ocrx_word' id='word_1_33' title='bbox 1846 849 1966 932; x_wconf 74' lang='lat' dir='ltr'>effre.</span> 
     </span>
     <span class='ocr_line' id='line_1_5' title="bbox 561 956 1965 1185; baseline -0.003 -19"><span class='ocrx_word' id='word_1_34' title='bbox 561 956 1454 1185; x_wconf 57' lang='lat' dir='ltr'>centenitatem</span> <span class='ocrx_word' id='word_1_35' title='bbox 1472 1018 1486 1061; x_wconf 92' lang='lat'>&#39;</span> <span class='ocrx_word' id='word_1_36' title='bbox 1527 957 1965 1162; x_wconf 47' lang='lat' dir='ltr'>war&amp;</span> 
     </span>
     <span class='ocr_line' id='line_1_6' title="bbox 1259 1132 1274 1175; baseline 0 0"><span class='ocrx_word' id='word_1_37' title='bbox 1259 1132 1274 1175; x_wconf 75' lang='lat'><em>2</em></span> 
     </span>
    </p>

    <p class='ocr_par' dir='ltr' id='par_1_5' title="bbox 561 1197 1469 1284">
     <span class='ocr_line' id='line_1_7' title="bbox 561 1197 1469 1284; baseline 0.003 -3"><span class='ocrx_word' id='word_1_38' title='bbox 561 1197 723 1284; x_wconf 74' lang='lat' dir='ltr'>sionem</span> <span class='ocrx_word' id='word_1_39' title='bbox 1464 1257 1469 1265; x_wconf 85' lang='lat'><em>·</em></span> 
     </span>
    </p>

    <p class='ocr_par' dir='ltr' id='par_1_6' title="bbox 560 1295 2092 2684">
     <span class='ocr_line' id='line_1_8' title="bbox 619 1295 1962 1421; baseline -0.006 -25"><span class='ocrx_word' id='word_1_40' title='bbox 619 1295 697 1396; x_wconf 78' lang='lat' dir='ltr'>se‘d</span> <span class='ocrx_word' id='word_1_41' title='bbox 720 1302 875 1418; x_wconf 75' lang='lat' dir='ltr'>singulis</span> <span class='ocrx_word' id='word_1_42' title='bbox 910 1297 1269 1416; x_wconf 78' lang='lat' dir='ltr'>perturbationibus</span> <span class='ocrx_word' id='word_1_43' title='bbox 1287 1323 1417 1414; x_wconf 64' lang='lat' dir='ltr'>pates</span> <span class='ocrx_word' id='word_1_44' title='bbox 1438 1299 1608 1411; x_wconf 73' lang='lat' dir='ltr'>ciusdem</span> <span class='ocrx_word' id='word_1_45' title='bbox 1645 1302 1796 1418; x_wconf 77' lang='lat' dir='ltr'>generis</span> <span class='ocrx_word' id='word_1_46' title='bbox 1831 1305 1962 1421; x_wconf 65' lang='lat' dir='ltr'>phares</span> 
     </span>
     <span class='ocr_line' id='line_1_9' title="bbox 560 1413 1961 1536; baseline 0.001 -28"><span class='ocrx_word' id='word_1_47' title='bbox 560 1419 835 1536; x_wconf 66' lang='lat' dir='ltr'>subjiciuntur:</span> <span class='ocrx_word' id='word_1_48' title='bbox 853 1439 898 1503; x_wconf 92' lang='lat' dir='ltr'>ut</span> <span class='ocrx_word' id='word_1_49' title='bbox 918 1416 1140 1532; x_wconf 78' lang='lat' dir='ltr'>aegnntdini</span> <span class='ocrx_word' id='word_1_50' title='bbox 1160 1413 1399 1521; x_wconf 81' lang='lat' dir='ltr'>invidentia,</span> <span class='ocrx_word' id='word_1_51' title='bbox 1412 1416 1706 1524; x_wconf 81' lang='lat' dir='ltr'>(tatendtmell</span> <span class='ocrx_word' id='word_1_52' title='bbox 1722 1424 1830 1504; x_wconf 80' lang='lat' dir='ltr'>mim</span> <span class='ocrx_word' id='word_1_53' title='bbox 1848 1483 1863 1526; x_wconf 97' lang='lat'>,</span> <span class='ocrx_word' id='word_1_54' title='bbox 1880 1422 1961 1510; x_wconf 90' lang='lat' dir='ltr'>do·</span> 
     </span>
     <span class='ocr_line' id='line_1_10' title="bbox 560 1527 1960 1647; baseline -0.001 -21"><span class='ocrx_word' id='word_1_55' title='bbox 560 1536 678 1626; x_wconf 83' lang='lat' dir='ltr'>cendi</span> <span class='ocrx_word' id='word_1_56' title='bbox 703 1531 843 1638; x_wconf 78' lang='lat' dir='ltr'>cauri,</span> <span class='ocrx_word' id='word_1_57' title='bbox 863 1533 987 1618; x_wconf 88' lang='lat' dir='ltr'>verbo</span> <span class='ocrx_word' id='word_1_58' title='bbox 1013 1527 1141 1618; x_wconf 81' lang='lat' dir='ltr'>trinirs</span> <span class='ocrx_word' id='word_1_59' title='bbox 1166 1533 1324 1618; x_wconf 79' lang='lat' dir='ltr'>usitato:</span> <span class='ocrx_word' id='word_1_60' title='bbox 1349 1536 1541 1644; x_wconf 80' lang='lat' dir='ltr'>quonian</span> <span class='ocrx_word' id='word_1_61' title='bbox 1558 1533 1710 1622; x_wconf 85' lang='lat' dir='ltr'>invidia</span> <span class='ocrx_word' id='word_1_62' title='bbox 1732 1540 1960 1647; x_wconf 84' lang='lat' dir='ltr'>nonioeo,</span> 
     </span>
     <span class='ocr_line' id='line_1_11' title="bbox 563 1645 1959 1768; baseline -0.008 -29"><span class='ocrx_word' id='word_1_63' title='bbox 563 1657 637 1768; x_wconf 89' lang='lat' dir='ltr'>qui</span> <span class='ocrx_word' id='word_1_64' title='bbox 658 1651 836 1754; x_wconf 87' lang='lat' dir='ltr'>invidet,</span> <span class='ocrx_word' id='word_1_65' title='bbox 875 1647 1194 1751; x_wconf 78' lang='lat' dir='ltr'>solumdicitur,</span> <span class='ocrx_word' id='word_1_66' title='bbox 1216 1645 1281 1733; x_wconf 90' lang='lat' dir='ltr'>sed</span> <span class='ocrx_word' id='word_1_67' title='bbox 1311 1650 1427 1732; x_wconf 85' lang='lat' dir='ltr'>etiam</span> <span class='ocrx_word' id='word_1_68' title='bbox 1454 1651 1498 1732; x_wconf 88' lang='lat' dir='ltr'>in</span> <span class='ocrx_word' id='word_1_69' title='bbox 1530 1675 1611 1754; x_wconf 93' lang='lat' dir='ltr'>eo,</span> <span class='ocrx_word' id='word_1_70' title='bbox 1631 1653 1698 1736; x_wconf 86' lang='lat' dir='ltr'>cui</span> <span class='ocrx_word' id='word_1_71' title='bbox 1726 1648 1959 1767; x_wconf 16' lang='lat' dir='ltr'>invideant)</span> 
     </span>
     <span class='ocr_line' id='line_1_12' title="bbox 560 1759 1957 1878; baseline 0.001 -24"><span class='ocrx_word' id='word_1_72' title='bbox 560 1767 759 1872; x_wconf 68' lang='lat' dir='ltr'>emulatio</span> <span class='ocrx_word' id='word_1_73' title='bbox 771 1829 784 1872; x_wconf 91' lang='lat'>,</span> <span class='ocrx_word' id='word_1_74' title='bbox 815 1762 1053 1850; x_wconf 72' lang='lat' dir='ltr'>obtreiiatio</span> <span class='ocrx_word' id='word_1_75' title='bbox 1065 1825 1079 1867; x_wconf 94' lang='lat'>,</span> <span class='ocrx_word' id='word_1_76' title='bbox 1110 1759 1395 1865; x_wconf 89' lang='lat' dir='ltr'>misericordia,</span> <span class='ocrx_word' id='word_1_77' title='bbox 1418 1791 1568 1878; x_wconf 88' lang='lat' dir='ltr'>angor,</span> <span class='ocrx_word' id='word_1_78' title='bbox 1588 1765 1721 1852; x_wconf 70' lang='lat' dir='ltr'>lucius</span> <span class='ocrx_word' id='word_1_79' title='bbox 1741 1827 1756 1868; x_wconf 96' lang='lat'>,</span> <span class='ocrx_word' id='word_1_80' title='bbox 1783 1793 1957 1875; x_wconf 80' lang='lat' dir='ltr'>mror,</span> 
     </span>
     <span class='ocr_line' id='line_1_13' title="bbox 561 1875 1958 1991; baseline 0.003 -25"><span class='ocrx_word' id='word_1_81' title='bbox 561 1909 759 1989; x_wconf 69' lang='lat' dir='ltr'>annona,</span> <span class='ocrx_word' id='word_1_82' title='bbox 783 1878 930 1984; x_wconf 90' lang='lat' dir='ltr'>dolor,</span> <span class='ocrx_word' id='word_1_83' title='bbox 955 1878 1203 1980; x_wconf 80' lang='lat' dir='ltr'>lamentatio,</span> <span class='ocrx_word' id='word_1_84' title='bbox 1226 1875 1471 1982; x_wconf 82' lang='lat' dir='ltr'>sollicitudo,</span> <span class='ocrx_word' id='word_1_85' title='bbox 1494 1878 1703 1984; x_wconf 81' lang='lat' dir='ltr'>molestia,</span> <span class='ocrx_word' id='word_1_86' title='bbox 1727 1881 1958 1991; x_wconf 67' lang='lat' dir='ltr'>affliuatio,</span> 
     </span>
     <span class='ocr_line' id='line_1_14' title="bbox 560 1992 1958 2112; baseline 0.002 -32"><span class='ocrx_word' id='word_1_87' title='bbox 560 1995 806 2112; x_wconf 85' lang='lat' dir='ltr'>desperatio,</span> <span class='ocrx_word' id='word_1_88' title='bbox 828 1993 917 2078; x_wconf 82' lang='lat' dir='ltr'>&amp;st</span> <span class='ocrx_word' id='word_1_89' title='bbox 943 2021 1030 2108; x_wconf 78' lang='lat' dir='ltr'>quc</span> <span class='ocrx_word' id='word_1_90' title='bbox 1054 1994 1139 2077; x_wconf 88' lang='lat' dir='ltr'>sunt</span> <span class='ocrx_word' id='word_1_91' title='bbox 1159 1992 1223 2076; x_wconf 84' lang='lat' dir='ltr'>do·</span> <span class='ocrx_word' id='word_1_92' title='bbox 1233 2018 1377 2106; x_wconf 86' lang='lat' dir='ltr'>genere</span> <span class='ocrx_word' id='word_1_93' title='bbox 1397 1993 1551 2081; x_wconf 87' lang='lat' dir='ltr'>eodem.</span> <span class='ocrx_word' id='word_1_94' title='bbox 1579 1993 1707 2082; x_wconf 77' lang='lat' dir='ltr'>Metui</span> <span class='ocrx_word' id='word_1_95' title='bbox 1726 1997 1958 2083; x_wconf 73' lang='lat' dir='ltr'>autmrfirb-</span> 
     </span>
     <span class='ocr_line' id='line_1_15' title="bbox 560 2107 1953 2225; baseline 0.001 -27"><span class='ocrx_word' id='word_1_96' title='bbox 560 2113 657 2225; x_wconf 79' lang='lat' dir='ltr'>jetta</span> <span class='ocrx_word' id='word_1_97' title='bbox 683 2113 768 2199; x_wconf 90' lang='lat' dir='ltr'>sunt</span> <span class='ocrx_word' id='word_1_98' title='bbox 792 2108 971 2222; x_wconf 80' lang='lat' dir='ltr'>pigritia,</span> <span class='ocrx_word' id='word_1_99' title='bbox 986 2107 1149 2220; x_wconf 90' lang='lat' dir='ltr'>pudor,</span> <span class='ocrx_word' id='word_1_100' title='bbox 1172 2133 1325 2211; x_wconf 89' lang='lat' dir='ltr'>terror,</span> <span class='ocrx_word' id='word_1_101' title='bbox 1347 2110 1490 2213; x_wconf 89' lang='lat' dir='ltr'>timor,</span> <span class='ocrx_word' id='word_1_102' title='bbox 1515 2138 1667 2224; x_wconf 88' lang='lat' dir='ltr'>pavor,</span> <span class='ocrx_word' id='word_1_103' title='bbox 1692 2112 1953 2218; x_wconf 83' lang='lat' dir='ltr'>exanimatio,</span> 
     </span>
     <span class='ocr_line' id='line_1_16' title="bbox 560 2220 1957 2334; baseline -0.01 -18"><span class='ocrx_word' id='word_1_104' title='bbox 560 2222 838 2330; x_wconf 73' lang='lat' dir='ltr'>conturbatio,</span> <span class='ocrx_word' id='word_1_105' title='bbox 860 2223 1048 2310; x_wconf 83' lang='lat' dir='ltr'>formido.</span> <span class='ocrx_word' id='word_1_106' title='bbox 1076 2222 1277 2334; x_wconf 85' lang='lat' dir='ltr'>Voluptati</span> <span class='ocrx_word' id='word_1_107' title='bbox 1305 2220 1571 2311; x_wconf 79' lang='lat' dir='ltr'>malevolentia</span> <span class='ocrx_word' id='word_1_108' title='bbox 1593 2223 1723 2314; x_wconf 60' lang='lat' dir='ltr'>hunt</span> <span class='ocrx_word' id='word_1_109' title='bbox 1738 2224 1846 2312; x_wconf 81' lang='lat' dir='ltr'>nudo</span> <span class='ocrx_word' id='word_1_110' title='bbox 1866 2227 1957 2314; x_wconf 82' lang='lat' dir='ltr'>alie.</span> 
     </span>
     <span class='ocr_line' id='line_1_17' title="bbox 562 2333 2092 2452; baseline -0.002 -21"><span class='ocrx_word' id='word_1_111' title='bbox 562 2340 898 2447; x_wconf 76' lang='lat' dir='ltr'>no,deleerati0,</span> <span class='ocrx_word' id='word_1_112' title='bbox 921 2337 1074 2452; x_wconf 63' lang='lat' dir='ltr'>{aerario</span> <span class='ocrx_word' id='word_1_113' title='bbox 1099 2338 1139 2422; x_wconf 78' lang='grc'>8(</span> <span class='ocrx_word' id='word_1_114' title='bbox 1164 2335 1307 2422; x_wconf 73' lang='lat' dir='ltr'>similia.</span> <span class='ocrx_word' id='word_1_115' title='bbox 1335 2333 1502 2426; x_wconf 84' lang='lat' dir='ltr'>libidini</span> <span class='ocrx_word' id='word_1_116' title='bbox 1520 2340 1599 2443; x_wconf 88' lang='lat' dir='ltr'>ira,</span> <span class='ocrx_word' id='word_1_117' title='bbox 1618 2338 1954 2448; x_wconf 78' lang='lat' dir='ltr'>excandescentia,</span> <span class='ocrx_word' id='word_1_118' title='bbox 2091 2362 2092 2365; x_wconf 67' lang='lat'>‘</span> 
     </span>
     <span class='ocr_line' id='line_1_18' title="bbox 560 2449 1956 2567; baseline 0.001 -23"><span class='ocrx_word' id='word_1_119' title='bbox 560 2457 734 2558; x_wconf 89' lang='lat' dir='ltr'>odium,</span> <span class='ocrx_word' id='word_1_120' title='bbox 757 2453 976 2559; x_wconf 84' lang='lat' dir='ltr'>inimicitia,</span> <span class='ocrx_word' id='word_1_121' title='bbox 1001 2451 1219 2556; x_wconf 83' lang='lat' dir='ltr'>discordia,</span> <span class='ocrx_word' id='word_1_122' title='bbox 1239 2449 1477 2567; x_wconf 79' lang='lat' dir='ltr'>indigentia,</span> <span class='ocrx_word' id='word_1_123' title='bbox 1502 2455 1755 2560; x_wconf 73' lang='lat' dir='ltr'>desiderium,</span> <span class='ocrx_word' id='word_1_124' title='bbox 1780 2456 1823 2543; x_wconf 83' lang='lat'>&amp;</span> <span class='ocrx_word' id='word_1_125' title='bbox 1845 2482 1956 2545; x_wconf 77' lang='lat' dir='ltr'>cate-</span> 
     </span>
     <span class='ocr_line' id='line_1_19' title="bbox 561 2565 1583 2684; baseline 0.002 -29"><span class='ocrx_word' id='word_1_126' title='bbox 561 2599 604 2666; x_wconf 80' lang='lat' dir='ltr'>ra</span> <span class='ocrx_word' id='word_1_127' title='bbox 626 2566 825 2684; x_wconf 83' lang='lat' dir='ltr'>ejusrnodi.</span> <span class='ocrx_word' id='word_1_128' title='bbox 853 2573 950 2656; x_wconf 82' lang='lat' dir='ltr'>Hac</span> <span class='ocrx_word' id='word_1_129' title='bbox 977 2591 1109 2655; x_wconf 87' lang='lat' dir='ltr'>autern</span> <span class='ocrx_word' id='word_1_130' title='bbox 1123 2565 1318 2652; x_wconf 89' lang='lat' dir='ltr'>definiunt</span> <span class='ocrx_word' id='word_1_131' title='bbox 1341 2569 1422 2654; x_wconf 87' lang='lat' dir='ltr'>hoc</span> <span class='ocrx_word' id='word_1_132' title='bbox 1443 2570 1583 2658; x_wconf 82' lang='lat' dir='ltr'>modo.</span> 
     </span>
    </p>

    <p class='ocr_par' dir='ltr' id='par_1_7' title="bbox 490 2681 1954 2800">
     <span class='ocr_line' id='line_1_20' title="bbox 490 2681 1954 2800; baseline 0 -28"><span class='ocrx_word' id='word_1_133' title='bbox 490 2737 552 2756; x_wconf 90' lang='lat'><em>-</em></span> <span class='ocrx_word' id='word_1_134' title='bbox 620 2685 876 2772; x_wconf 84' lang='lat' dir='ltr'>invidentiam</span> <span class='ocrx_word' id='word_1_135' title='bbox 898 2685 975 2770; x_wconf 82' lang='lat' dir='ltr'>else</span> <span class='ocrx_word' id='word_1_136' title='bbox 994 2683 1131 2768; x_wconf 90' lang='lat' dir='ltr'>dicunt</span> <span class='ocrx_word' id='word_1_137' title='bbox 1152 2681 1420 2800; x_wconf 74' lang='lat' dir='ltr'>egritudinem</span> <span class='ocrx_word' id='word_1_138' title='bbox 1439 2682 1650 2800; x_wconf 86' lang='lat' dir='ltr'>susceptam</span> <span class='ocrx_word' id='word_1_139' title='bbox 1677 2709 1840 2800; x_wconf 89' lang='lat' dir='ltr'>propter</span> <span class='ocrx_word' id='word_1_140' title='bbox 1863 2686 1954 2772; x_wconf 86' lang='lat' dir='ltr'>alte-</span> 
     </span>
    </p>

    <p class='ocr_par' dir='ltr' id='par_1_8' title="bbox 508 2779 2010 3834">
     <span class='ocr_line' id='line_1_21' title="bbox 508 2779 1952 2916; baseline -0.001 -26"><span class='ocrx_word' id='word_1_141' title='bbox 508 2779 533 2870; x_wconf 75' lang='lat'><strong>3</strong></span> <span class='ocrx_word' id='word_1_142' title='bbox 559 2801 642 2890; x_wconf 85' lang='lat' dir='ltr'>tius</span> <span class='ocrx_word' id='word_1_143' title='bbox 666 2828 725 2886; x_wconf 85' lang='lat' dir='ltr'>res</span> <span class='ocrx_word' id='word_1_144' title='bbox 746 2798 947 2906; x_wconf 83' lang='lat' dir='ltr'>secundas,</span> <span class='ocrx_word' id='word_1_145' title='bbox 970 2827 1057 2916; x_wconf 82' lang='lat' dir='ltr'>qua</span> <span class='ocrx_word' id='word_1_146' title='bbox 1075 2798 1172 2887; x_wconf 88' lang='lat' dir='ltr'>nihil</span> <span class='ocrx_word' id='word_1_147' title='bbox 1192 2821 1362 2884; x_wconf 84' lang='lat' dir='ltr'>noceant</span> <span class='ocrx_word' id='word_1_148' title='bbox 1381 2798 1583 2887; x_wconf 87' lang='lat' dir='ltr'>invidenti.</span> <span class='ocrx_word' id='word_1_149' title='bbox 1610 2802 1758 2889; x_wconf 85' lang='lat' dir='ltr'>Namsr</span> <span class='ocrx_word' id='word_1_150' title='bbox 1775 2803 1952 2914; x_wconf 82' lang='lat' dir='ltr'>quisdo-</span> 
     </span>
     <span class='ocr_line' id='line_1_22' title="bbox 560 2912 1953 3029; baseline 0.001 -27"><span class='ocrx_word' id='word_1_151' title='bbox 560 2915 635 3008; x_wconf 83' lang='lat' dir='ltr'>leat</span> <span class='ocrx_word' id='word_1_152' title='bbox 658 2916 738 3022; x_wconf 82' lang='lat' dir='ltr'>eius</span> <span class='ocrx_word' id='word_1_153' title='bbox 770 2915 885 3004; x_wconf 80' lang='lat' dir='ltr'>rebus</span> <span class='ocrx_word' id='word_1_154' title='bbox 911 2915 1158 3020; x_wconf 51' lang='lat' dir='ltr'>secundina</span> <span class='ocrx_word' id='word_1_155' title='bbox 1181 2943 1270 3029; x_wconf 87' lang='lat' dir='ltr'>quo</span> <span class='ocrx_word' id='word_1_156' title='bbox 1296 2912 1376 3028; x_wconf 87' lang='lat' dir='ltr'>ipse</span> <span class='ocrx_word' id='word_1_157' title='bbox 1397 2912 1589 3019; x_wconf 78' lang='lat' dir='ltr'>ladamt,</span> <span class='ocrx_word' id='word_1_158' title='bbox 1615 2945 1699 3003; x_wconf 91' lang='lat' dir='ltr'>non</span> <span class='ocrx_word' id='word_1_159' title='bbox 1725 2918 1830 3002; x_wconf 77' lang='lat' dir='ltr'>reete</span> <span class='ocrx_word' id='word_1_160' title='bbox 1855 2917 1953 3004; x_wconf 79' lang='lat' dir='ltr'>dici-</span> 
     </span>
     <span class='ocr_line' id='line_1_23' title="bbox 559 3029 1956 3155; baseline -0.002 -34"><span class='ocrx_word' id='word_1_161' title='bbox 559 3029 847 3130; x_wconf 79' lang='lat' dir='ltr'>mrinvidere:</span> <span class='ocrx_word' id='word_1_162' title='bbox 879 3051 950 3139; x_wconf 89' lang='lat' dir='ltr'>ut,</span> <span class='ocrx_word' id='word_1_163' title='bbox 978 3030 1007 3116; x_wconf 86' lang='lat' dir='ltr'>sr</span> <span class='ocrx_word' id='word_1_164' title='bbox 1037 3031 1202 3116; x_wconf 69' lang='lat' dir='ltr'>Heclori</span> <span class='ocrx_word' id='word_1_165' title='bbox 1223 3035 1510 3144; x_wconf 84' lang='lat' dir='ltr'>Agamemnon.</span> <span class='ocrx_word' id='word_1_166' title='bbox 1539 3037 1623 3155; x_wconf 78' lang='lat' dir='ltr'>Qu</span> <span class='ocrx_word' id='word_1_167' title='bbox 1642 3055 1800 3135; x_wconf 85' lang='lat' dir='ltr'>autern,</span> <span class='ocrx_word' id='word_1_168' title='bbox 1820 3033 1956 3118; x_wconf 87' lang='lat' dir='ltr'>cuial-</span> 
     </span>
     <span class='ocr_line' id='line_1_24' title="bbox 560 3143 1955 3253; baseline 0.003 -23"><span class='ocrx_word' id='word_1_169' title='bbox 560 3149 679 3232; x_wconf 89' lang='lat' dir='ltr'>terius</span> <span class='ocrx_word' id='word_1_170' title='bbox 700 3143 918 3234; x_wconf 84' lang='lat' dir='ltr'>commoda</span> <span class='ocrx_word' id='word_1_171' title='bbox 944 3144 1038 3230; x_wconf 93' lang='lat' dir='ltr'>nihil</span> <span class='ocrx_word' id='word_1_172' title='bbox 1063 3164 1259 3249; x_wconf 83' lang='lat' dir='ltr'>noceant,</span> <span class='ocrx_word' id='word_1_173' title='bbox 1290 3169 1533 3232; x_wconf 86' lang='lat' dir='ltr'>tamencum</span> <span class='ocrx_word' id='word_1_174' title='bbox 1558 3145 1690 3232; x_wconf 87' lang='lat' dir='ltr'>doleat</span> <span class='ocrx_word' id='word_1_175' title='bbox 1714 3147 1775 3232; x_wconf 84' lang='lat' dir='ltr'>his</span> <span class='ocrx_word' id='word_1_176' title='bbox 1808 3147 1907 3253; x_wconf 77' lang='lat' dir='ltr'>frtri,</span> <span class='ocrx_word' id='word_1_177' title='bbox 1927 3154 1955 3234; x_wconf 81' lang='lat' dir='ltr'>ir</span> 
     </span>
     <span class='ocr_line' id='line_1_25' title="bbox 558 3257 1955 3374; baseline -0.001 -24"><span class='ocrx_word' id='word_1_178' title='bbox 558 3259 709 3350; x_wconf 87' lang='lat' dir='ltr'>invidet</span> <span class='ocrx_word' id='word_1_179' title='bbox 731 3261 923 3372; x_wconf 72' lang='lat' dir='ltr'>prosette.</span> <span class='ocrx_word' id='word_1_180' title='bbox 959 3257 1164 3348; x_wconf 73' lang='lat' dir='ltr'>llimulatio</span> <span class='ocrx_word' id='word_1_181' title='bbox 1199 3280 1330 3346; x_wconf 87' lang='lat' dir='ltr'>autem</span> <span class='ocrx_word' id='word_1_182' title='bbox 1353 3258 1558 3374; x_wconf 86' lang='lat' dir='ltr'>dupliciter</span> <span class='ocrx_word' id='word_1_183' title='bbox 1584 3261 1644 3346; x_wconf 84' lang='lat' dir='ltr'>illa</span> <span class='ocrx_word' id='word_1_184' title='bbox 1666 3261 1835 3374; x_wconf 87' lang='lat' dir='ltr'>quidem</span> <span class='ocrx_word' id='word_1_185' title='bbox 1858 3261 1955 3349; x_wconf 90' lang='lat' dir='ltr'>dici-</span> 
     </span>
     <span class='ocr_line' id='line_1_26' title="bbox 558 3373 1955 3479; baseline 0.001 -15"><span class='ocrx_word' id='word_1_186' title='bbox 558 3398 648 3479; x_wconf 91' lang='lat' dir='ltr'>tur,</span> <span class='ocrx_word' id='word_1_187' title='bbox 676 3395 721 3461; x_wconf 90' lang='lat' dir='ltr'>ut</span> <span class='ocrx_word' id='word_1_188' title='bbox 746 3375 785 3460; x_wconf 86' lang='lat'>&amp;</span> <span class='ocrx_word' id='word_1_189' title='bbox 811 3381 852 3463; x_wconf 90' lang='lat' dir='ltr'>in</span> <span class='ocrx_word' id='word_1_190' title='bbox 875 3373 992 3462; x_wconf 87' lang='lat' dir='ltr'>laude</span> <span class='ocrx_word' id='word_1_191' title='bbox 1019 3375 1124 3464; x_wconf 86' lang='lat' dir='ltr'>&amp;in</span> <span class='ocrx_word' id='word_1_192' title='bbox 1149 3377 1416 3462; x_wconf 89' lang='lat' dir='ltr'>vitionornen</span> <span class='ocrx_word' id='word_1_193' title='bbox 1441 3375 1593 3462; x_wconf 73' lang='lat' dir='ltr'>hocsra</span> <span class='ocrx_word' id='word_1_194' title='bbox 1628 3382 1733 3462; x_wconf 88' lang='lat' dir='ltr'>Nam</span> <span class='ocrx_word' id='word_1_195' title='bbox 1762 3377 1802 3462; x_wconf 76' lang='grc' dir='ltr'>δι</span> <span class='ocrx_word' id='word_1_196' title='bbox 1828 3378 1955 3465; x_wconf 86' lang='lat' dir='ltr'>imita-</span> 
     </span>
     <span class='ocr_line' id='line_1_27' title="bbox 558 3487 2010 3592; baseline -0.001 -12"><span class='ocrx_word' id='word_1_197' title='bbox 558 3493 619 3580; x_wconf 85' lang='lat' dir='ltr'>tio</span> <span class='ocrx_word' id='word_1_198' title='bbox 641 3487 793 3580; x_wconf 80' lang='lat' dir='ltr'>virtutis</span> <span class='ocrx_word' id='word_1_199' title='bbox 813 3489 1006 3578; x_wconf 79' lang='lat' dir='ltr'>emulatio</span> <span class='ocrx_word' id='word_1_200' title='bbox 1040 3489 1207 3592; x_wconf 82' lang='lat' dir='ltr'>dicitur:</span> <span class='ocrx_word' id='word_1_201' title='bbox 1238 3489 1303 3576; x_wconf 86' lang='lat' dir='ltr'>sed</span> <span class='ocrx_word' id='word_1_202' title='bbox 1326 3488 1373 3576; x_wconf 84' lang='lat' dir='ltr'>eal</span> <span class='ocrx_word' id='word_1_203' title='bbox 1391 3490 1486 3577; x_wconf 88' lang='lat' dir='ltr'>nihil</span> <span class='ocrx_word' id='word_1_204' title='bbox 1504 3490 1700 3577; x_wconf 84' lang='lat' dir='ltr'>hocloco</span> <span class='ocrx_word' id='word_1_205' title='bbox 1717 3496 1886 3579; x_wconf 76' lang='lat' dir='ltr'>animur:</span> <span class='ocrx_word' id='word_1_206' title='bbox 1903 3494 1956 3578; x_wconf 86' lang='lat' dir='ltr'>ell</span> <span class='ocrx_word' id='word_1_207' title='bbox 2006 3558 2010 3565; x_wconf 79' lang='lat'>-</span> 
     </span>
     <span class='ocr_line' id='line_1_28' title="bbox 557 3603 1957 3725; baseline 0.005 -36"><span class='ocrx_word' id='word_1_208' title='bbox 557 3608 666 3698; x_wconf 90' lang='lat' dir='ltr'>enim</span> <span class='ocrx_word' id='word_1_209' title='bbox 691 3603 841 3695; x_wconf 86' lang='lat' dir='ltr'>laudis:</span> <span class='ocrx_word' id='word_1_210' title='bbox 866 3603 979 3689; x_wconf 82' lang='lat' dir='ltr'>&amp;etl</span> <span class='ocrx_word' id='word_1_211' title='bbox 1002 3604 1194 3692; x_wconf 74' lang='lat' dir='ltr'>aemulatio</span> <span class='ocrx_word' id='word_1_212' title='bbox 1216 3604 1435 3725; x_wconf 78' lang='lat' dir='ltr'>agritudo,</span> <span class='ocrx_word' id='word_1_213' title='bbox 1458 3607 1583 3713; x_wconf 80' lang='lat' dir='ltr'>stoo,</span> <span class='ocrx_word' id='word_1_214' title='bbox 1604 3604 1719 3721; x_wconf 92' lang='lat' dir='ltr'>quod</span> <span class='ocrx_word' id='word_1_215' title='bbox 1733 3613 1957 3724; x_wconf 83' lang='lat' dir='ltr'>concupie-¹</span> 
     </span>
     <span class='ocr_line' id='line_1_29' title="bbox 557 3717 1234 3834; baseline -0.003 -24"><span class='ocrx_word' id='word_1_216' title='bbox 557 3719 632 3826; x_wconf 83' lang='lat' dir='ltr'>rit,</span> <span class='ocrx_word' id='word_1_217' title='bbox 658 3719 752 3810; x_wconf 86' lang='lat' dir='ltr'>alius</span> <span class='ocrx_word' id='word_1_218' title='bbox 773 3717 975 3832; x_wconf 83' lang='lat' dir='ltr'>potiatur,</span> <span class='ocrx_word' id='word_1_219' title='bbox 992 3719 1074 3834; x_wconf 87' lang='lat' dir='ltr'>ipse</span> <span class='ocrx_word' id='word_1_220' title='bbox 1098 3744 1234 3808; x_wconf 86' lang='lat' dir='ltr'>careat.</span> 
     </span>
    </p>

    <p class='ocr_par' dir='ltr' id='par_1_9' title="bbox 557 3833 2092 4212">
     <span class='ocr_line' id='line_1_30' title="bbox 617 3833 2011 3953; baseline 0.001 -31"><span class='ocrx_word' id='word_1_221' title='bbox 617 3833 866 3922; x_wconf 80' lang='lat' dir='ltr'>Obtreetario</span> <span class='ocrx_word' id='word_1_222' title='bbox 899 3856 1029 3920; x_wconf 88' lang='lat' dir='ltr'>autem</span> <span class='ocrx_word' id='word_1_223' title='bbox 1049 3835 1104 3920; x_wconf 87' lang='lat' dir='ltr'>est</span> <span class='ocrx_word' id='word_1_224' title='bbox 1134 3862 1202 3941; x_wconf 86' lang='lat' dir='ltr'>ea,</span> <span class='ocrx_word' id='word_1_225' title='bbox 1237 3865 1356 3950; x_wconf 88' lang='lat' dir='ltr'>quam</span> <span class='ocrx_word' id='word_1_226' title='bbox 1387 3836 1543 3952; x_wconf 83' lang='lat' dir='ltr'>intelligi</span> <span class='ocrx_word' id='word_1_227' title='bbox 1573 3835 1812 3953; x_wconf 82' lang='lat' dir='ltr'>zelotypiam</span> <span class='ocrx_word' id='word_1_228' title='bbox 1829 3839 1956 3944; x_wconf 90' lang='lat' dir='ltr'>volo,</span> <span class='ocrx_word' id='word_1_229' title='bbox 2006 3889 2011 3894; x_wconf 22' lang='grc' dir='ltr'><strong>Δ</strong></span> 
     </span>
     <span class='ocr_line' id='line_1_31' title="bbox 557 3948 1957 4080; baseline 0.004 -45"><span class='ocrx_word' id='word_1_230' title='bbox 557 3948 752 4068; x_wconf 77' lang='lat' dir='ltr'>agritudo</span> <span class='ocrx_word' id='word_1_231' title='bbox 784 3977 834 4037; x_wconf 83' lang='lat' dir='ltr'>ex</span> <span class='ocrx_word' id='word_1_232' title='bbox 856 3975 936 4053; x_wconf 89' lang='lat' dir='ltr'>eo,</span> <span class='ocrx_word' id='word_1_233' title='bbox 964 3949 1078 4063; x_wconf 80' lang='lat' dir='ltr'>quod</span> <span class='ocrx_word' id='word_1_234' title='bbox 1108 3949 1201 4037; x_wconf 90' lang='lat' dir='ltr'>alter</span> <span class='ocrx_word' id='word_1_235' title='bbox 1226 3980 1393 4080; x_wconf 81' lang='lat' dir='ltr'>quoque</span> <span class='ocrx_word' id='word_1_236' title='bbox 1417 3952 1591 4064; x_wconf 90' lang='lat' dir='ltr'>potiatur</span> <span class='ocrx_word' id='word_1_237' title='bbox 1617 3979 1697 4056; x_wconf 90' lang='lat' dir='ltr'>eo,</span> <span class='ocrx_word' id='word_1_238' title='bbox 1726 3953 1843 4066; x_wconf 85' lang='lat' dir='ltr'>quod</span> <span class='ocrx_word' id='word_1_239' title='bbox 1877 3956 1957 4068; x_wconf 88' lang='lat' dir='ltr'>ipse</span> 
     </span>
     <span class='ocr_line' id='line_1_32' title="bbox 558 4063 2092 4212; baseline -0.001 -58"><span class='ocrx_word' id='word_1_240' title='bbox 558 4063 846 4185; x_wconf 81' lang='lat' dir='ltr'>concupiverit.</span> <span class='ocrx_word' id='word_1_241' title='bbox 879 4063 1146 4158; x_wconf 79' lang='lat' dir='ltr'>lrlisericordia</span> <span class='ocrx_word' id='word_1_242' title='bbox 1164 4067 1219 4152; x_wconf 77' lang='lat' dir='ltr'>etl</span> <span class='ocrx_word' id='word_1_243' title='bbox 1245 4065 1438 4182; x_wconf 57' lang='lat' dir='ltr'>agnum</span> <span class='ocrx_word' id='word_1_244' title='bbox 1455 4095 1505 4154; x_wconf 86' lang='lat' dir='ltr'>ex</span> <span class='ocrx_word' id='word_1_245' title='bbox 1526 4067 1674 4154; x_wconf 86' lang='lat' dir='ltr'>miseria</span> <span class='ocrx_word' id='word_1_246' title='bbox 1692 4067 1871 4200; x_wconf 77' lang='lat' dir='ltr'>alterius,</span> <span class='ocrx_word' id='word_1_247' title='bbox 1895 4072 1959 4212; x_wconf 80' lang='lat' dir='ltr'>ip-</span> <span class='ocrx_word' id='word_1_248' title='bbox 2091 4098 2092 4127; x_wconf 65' lang='lat'>³</span> 
     </span>
    </p>

    <p class='ocr_par' dir='ltr' id='par_1_10' title="bbox 1858 4215 2092 4286">
     <span class='ocr_line' id='line_1_33' title="bbox 1858 4215 2092 4286; baseline 0 0"><span class='ocrx_word' id='word_1_249' title='bbox 1858 4215 1955 4286; x_wconf 71' lang='lat' dir='ltr'>luua</span> <span class='ocrx_word' id='word_1_250' title='bbox 2091 4216 2092 4221; x_wconf 68' lang='grc'>’</span> 
     </span>
    </p>
   </div>
   <div class='ocr_carea' id='block_1_3' title="bbox 552 4381 1955 4940">
    <p class='ocr_par' dir='ltr' id='par_1_11' title="bbox 552 4381 1955 4940">
     <span class='ocr_line' id='line_1_34' title="bbox 602 4381 1954 4466; baseline 0.001 -22"><span class='ocrx_word' id='word_1_251' title='bbox 602 4402 628 4456; x_wconf 82' lang='lat'>5.</span> <span class='ocrx_word' id='word_1_252' title='bbox 648 4381 740 4444; x_wconf 83' lang='lat' dir='ltr'>Verivn</span> <span class='ocrx_word' id='word_1_253' title='bbox 753 4385 803 4450; x_wconf 82' lang='lat' dir='ltr'>illa</span> <span class='ocrx_word' id='word_1_254' title='bbox 814 4387 918 4460; x_wconf 78' lang='lat' dir='ltr'>etiarn]</span> <span class='ocrx_word' id='word_1_255' title='bbox 934 4391 1055 4450; x_wconf 79' lang='lat' dir='ltr'>Veretut</span> <span class='ocrx_word' id='word_1_256' title='bbox 1067 4383 1236 4448; x_wconf 74' lang='lat' dir='ltr'>tottiffimus</span> <span class='ocrx_word' id='word_1_257' title='bbox 1311 4396 1338 4442; x_wconf 80' lang='lat'>6.</span> <span class='ocrx_word' id='word_1_258' title='bbox 1360 4384 1456 4442; x_wconf 81' lang='lat' dir='ltr'>intimo</span> <span class='ocrx_word' id='word_1_259' title='bbox 1474 4387 1531 4442; x_wconf 83' lang='lat' dir='ltr'>odio</span> <span class='ocrx_word' id='word_1_260' title='bbox 1540 4425 1550 4456; x_wconf 93' lang='lat'>,</span> <span class='ocrx_word' id='word_1_261' title='bbox 1565 4381 1601 4444; x_wconf 64' lang='lat' dir='ltr'>el*</span> <span class='ocrx_word' id='word_1_262' title='bbox 1624 4385 1697 4443; x_wconf 81' lang='lat' dir='ltr'>corde</span> <span class='ocrx_word' id='word_1_263' title='bbox 1715 4389 1862 4466; x_wconf 77' lang='lat' dir='ltr'>concepta]</span> <span class='ocrx_word' id='word_1_264' title='bbox 1886 4391 1954 4445; x_wconf 76' lang='lat' dir='ltr'>inti·</span> 
     </span>
     <span class='ocr_line' id='line_1_35' title="bbox 552 4460 1954 4550; baseline 0 -23"><span class='ocrx_word' id='word_1_265' title='bbox 552 4461 755 4530; x_wconf 69' lang='lat' dir='ltr'>adnatant</span> <span class='ocrx_word' id='word_1_266' title='bbox 777 4464 960 4545; x_wconf 78' lang='lat' dir='ltr'>Simplicium</span> <span class='ocrx_word' id='word_1_267' title='bbox 980 4485 1044 4550; x_wconf 53' lang='grc' dir='ltr'>ΡΨ</span> <span class='ocrx_word' id='word_1_268' title='bbox 1059 4487 1105 4541; x_wconf 82' lang='lat'>59·</span> <span class='ocrx_word' id='word_1_269' title='bbox 1122 4481 1159 4526; x_wconf 81' lang='lat' dir='ltr'>ne</span> <span class='ocrx_word' id='word_1_270' title='bbox 1174 4483 1236 4544; x_wconf 87' lang='lat' dir='ltr'>per-</span> <span class='ocrx_word' id='word_1_271' title='bbox 1270 4483 1331 4535; x_wconf 85' lang='lat' dir='ltr'>mo,</span> <span class='ocrx_word' id='word_1_272' title='bbox 1353 4460 1410 4526; x_wconf 70' lang='lat' dir='ltr'>alti</span> <span class='ocrx_word' id='word_1_273' title='bbox 1429 4461 1518 4529; x_wconf 80' lang='lat' dir='ltr'>infixo</span> <span class='ocrx_word' id='word_1_274' title='bbox 1530 4505 1540 4536; x_wconf 90' lang='lat'>‚</span> <span class='ocrx_word' id='word_1_275' title='bbox 1562 4465 1640 4543; x_wconf 68' lang='lat' dir='ltr'>prod</span> <span class='ocrx_word' id='word_1_276' title='bbox 1656 4465 1771 4542; x_wconf 77' lang='lat' dir='ltr'>penitus</span> <span class='ocrx_word' id='word_1_277' title='bbox 1793 4465 1954 4527; x_wconf 80' lang='lat' dir='ltr'>inoleverit.</span> 
     </span>
     <span class='ocr_line' id='line_1_36' title="bbox 553 4545 1953 4628; baseline 0.002 -20"><span class='ocrx_word' id='word_1_278' title='bbox 553 4549 656 4625; x_wconf 74' lang='lat' dir='ltr'>parim</span> <span class='ocrx_word' id='word_1_279' title='bbox 678 4545 736 4608; x_wconf 79' lang='lat' dir='ltr'>hac</span> <span class='ocrx_word' id='word_1_280' title='bbox 762 4545 931 4614; x_wconf 82' lang='lat' dir='ltr'>irrtellexerit</span> <span class='ocrx_word' id='word_1_281' title='bbox 956 4549 1061 4612; x_wconf 84' lang='lat' dir='ltr'>Cicero</span> <span class='ocrx_word' id='word_1_282' title='bbox 1082 4569 1091 4608; x_wconf 74' lang='grc' dir='ltr'><em>τ</em></span> <span class='ocrx_word' id='word_1_283' title='bbox 1112 4548 1146 4610; x_wconf 84' lang='lat'>&amp;</span> <span class='ocrx_word' id='word_1_284' title='bbox 1166 4566 1236 4608; x_wconf 83' lang='lat' dir='ltr'>cum</span> <span class='ocrx_word' id='word_1_285' title='bbox 1271 4548 1310 4606; x_wconf 78' lang='lat' dir='ltr'>Ut</span> <span class='ocrx_word' id='word_1_286' title='bbox 1327 4566 1410 4611; x_wconf 76' lang='lat' dir='ltr'>aanor</span> <span class='ocrx_word' id='word_1_287' title='bbox 1425 4545 1692 4628; x_wconf 55' lang='lat' dir='ltr'>commmoda,</span> <span class='ocrx_word' id='word_1_288' title='bbox 1715 4545 1750 4608; x_wconf 81' lang='lat' dir='ltr'>fic</span> <span class='ocrx_word' id='word_1_289' title='bbox 1770 4547 1873 4610; x_wconf 87' lang='lat' dir='ltr'>odium</span> <span class='ocrx_word' id='word_1_290' title='bbox 1895 4548 1953 4610; x_wconf 75' lang='lat' dir='ltr'>dis-</span> 
     </span>
     <span class='ocr_line' id='line_1_37' title="bbox 557 4625 1954 4716; baseline 0.004 -32"><span class='ocrx_word' id='word_1_291' title='bbox 557 4644 597 4716; x_wconf 71' lang='lat'>⁶⁰.</span> <span class='ocrx_word' id='word_1_292' title='bbox 624 4625 688 4685; x_wconf 87' lang='lat' dir='ltr'>sacit</span> <span class='ocrx_word' id='word_1_293' title='bbox 719 4629 870 4714; x_wconf 80' lang='lat' dir='ltr'>Menagiur</span> <span class='ocrx_word' id='word_1_294' title='bbox 896 4633 933 4700; x_wconf 77' lang='lat' dir='ltr'>ad</span> <span class='ocrx_word' id='word_1_295' title='bbox 955 4630 1061 4694; x_wconf 78' lang='lat' dir='ltr'>Laerrii</span> <span class='ocrx_word' id='word_1_296' title='bbox 1078 4631 1145 4694; x_wconf 84' lang='lat' dir='ltr'>VII.</span> <span class='ocrx_word' id='word_1_297' title='bbox 1170 4649 1236 4692; x_wconf 83' lang='lat' dir='ltr'>ru.</span> <span class='ocrx_word' id='word_1_298' title='bbox 1268 4629 1360 4714; x_wconf 83' lang='lat' dir='ltr'>jungit</span> <span class='ocrx_word' id='word_1_299' title='bbox 1378 4650 1389 4700; x_wconf 79' lang='lat'>3</span> <span class='ocrx_word' id='word_1_300' title='bbox 1407 4632 1485 4713; x_wconf 78' lang='lat' dir='ltr'>quod</span> <span class='ocrx_word' id='word_1_301' title='bbox 1504 4628 1556 4691; x_wconf 88' lang='lat' dir='ltr'>ubi</span> <span class='ocrx_word' id='word_1_302' title='bbox 1573 4626 1672 4690; x_wconf 70' lang='lat' dir='ltr'>infimi</span> <span class='ocrx_word' id='word_1_303' title='bbox 1692 4629 1852 4709; x_wconf 77' lang='lat' dir='ltr'>penetravit</span> <span class='ocrx_word' id='word_1_304' title='bbox 1870 4629 1903 4689; x_wconf 86' lang='lat' dir='ltr'>in</span> <span class='ocrx_word' id='word_1_305' title='bbox 1919 4651 1954 4691; x_wconf 85' lang='lat' dir='ltr'>a·</span> 
     </span>
     <span class='ocr_line' id='line_1_38' title="bbox 556 4701 1953 4798; baseline 0.003 -28"><span class='ocrx_word' id='word_1_306' title='bbox 556 4701 696 4798; x_wconf 62' lang='lat' dir='ltr'>vam</span> <span class='ocrx_word' id='word_1_307' title='bbox 714 4709 839 4774; x_wconf 74' lang='lat' dir='ltr'>Galeam</span> <span class='ocrx_word' id='word_1_308' title='bbox 868 4713 919 4781; x_wconf 90' lang='lat' dir='ltr'>lib.</span> <span class='ocrx_word' id='word_1_309' title='bbox 945 4716 997 4778; x_wconf 76' lang='lat' dir='ltr'>lv,</span> <span class='ocrx_word' id='word_1_310' title='bbox 1019 4714 1057 4774; x_wconf 83' lang='lat' dir='ltr'>de</span> <span class='ocrx_word' id='word_1_311' title='bbox 1084 4710 1236 4796; x_wconf 77' lang='lat' dir='ltr'>Dogmatis</span> <span class='ocrx_word' id='word_1_312' title='bbox 1269 4710 1400 4784; x_wconf 82' lang='lat' dir='ltr'>nimum,</span> <span class='ocrx_word' id='word_1_313' title='bbox 1418 4711 1455 4774; x_wconf 83' lang='lat' dir='ltr'>lic</span> <span class='ocrx_word' id='word_1_314' title='bbox 1472 4709 1595 4774; x_wconf 75' lang='lat' dir='ltr'>dissociat</span> <span class='ocrx_word' id='word_1_315' title='bbox 1612 4711 1716 4784; x_wconf 84' lang='lat' dir='ltr'>corda,</span> <span class='ocrx_word' id='word_1_316' title='bbox 1740 4731 1775 4773; x_wconf 85' lang='lat' dir='ltr'>ut</span> <span class='ocrx_word' id='word_1_317' title='bbox 1794 4709 1953 4774; x_wconf 82' lang='lat' dir='ltr'>consentire</span> 
     </span>
     <span class='ocr_line' id='line_1_39' title="bbox 556 4785 1955 4940; baseline 0.004 -88"><span class='ocrx_word' id='word_1_318' title='bbox 556 4785 740 4873; x_wconf 66' lang='lat' dir='ltr'>supponas</span> <span class='ocrx_word' id='word_1_319' title='bbox 758 4791 791 4854; x_wconf 74' lang='grc' dir='ltr'>δι</span> <span class='ocrx_word' id='word_1_320' title='bbox 802 4793 934 4858; x_wconf 78' lang='lat' dir='ltr'>Platonis.</span> <span class='ocrx_word' id='word_1_321' title='bbox 955 4797 1115 4860; x_wconf 66' lang='lat' dir='ltr'>Divinos.</span> <span class='ocrx_word' id='word_1_322' title='bbox 1240 4878 1244 4890; x_wconf 88' lang='lat'>.</span> <span class='ocrx_word' id='word_1_323' title='bbox 1269 4791 1342 4857; x_wconf 74' lang='lat' dir='ltr'>ultn</span> <span class='ocrx_word' id='word_1_324' title='bbox 1357 4813 1504 4879; x_wconf 73' lang='lat' dir='ltr'>nequeant.</span> <span class='ocrx_word' id='word_1_325' title='bbox 1522 4793 1594 4858; x_wconf 83' lang='lat' dir='ltr'>Non</span> <span class='ocrx_word' id='word_1_326' title='bbox 1609 4811 1726 4883; x_wconf 66' lang='lat' dir='ltr'>nmen,</span> <span class='ocrx_word' id='word_1_327' title='bbox 1744 4812 1778 4860; x_wconf 84' lang='lat' dir='ltr'>ut</span> <span class='ocrx_word' id='word_1_328' title='bbox 1795 4792 1955 4940; x_wconf 39' lang='lat' dir='ltr'>concor&amp;</span> 
     </span>
    </p>
   </div>
   <div class='ocr_carea' id='block_1_4' title="bbox 0 0 2134 5591">
    <p class='ocr_par' dir='ltr' id='par_1_12' title="bbox 0 0 2134 5591">
     <span class='ocr_line' id='line_1_40' title="bbox 0 0 2134 5591; baseline 0 0"><span class='ocrx_word' id='word_1_329' title='bbox 0 0 2134 5591; x_wconf 95' lang='lat' dir='ltr'> </span> 
     </span>
    </p>
   </div>
  </div>
 </body>
</html>
