4259 5592
526 409 610 486 620
780 388 890 483 DE
947 390 1338 531 NATURA
1395 390 1792 485 DEORUM

584 576 650 667 De
671 579 922 695 prasensrotre
950 578 1144 695 diximus?
1159 588 1233 677 De'
1237 560 1596 699 perturbationibus
1625 566 1870 689 c‘eleliibus„
1883 581 1926 668 dt

528 693 751 802 maritimis,
771 698 811 784 δι
832 694 1015 804 terrenis,
1039 728 1124 787 non
1148 701 1355 815 possumus
1371 694 1526 803 dicere,
1546 693 1640 787 ciam
1659 723 1706 791 ea
1722 694 1924 800 fiancnon

531 809 609 897 effe
626 810 793 917 multos,
809 815 881 928 qui
905 812 965 899 illa
985 836 1186 919 metuant,
1213 815 1252 899 δι
1276 818 1300 901 a
1323 809 1398 898 diis
1425 808 1710 899 immortalibus
1734 814 1816 896 fieri
1842 814 1926 896 exi-

534 926 698 1023 stiment
728 926 805 1013 Sed
831 956 918 1014 non
943 926 986 1012 id
1007 927 1212 1044 quaritur,
1243 929 1365 1012 sintne
1389 925 1532 1038 aliqui,
1550 931 1621 1039 qui
1642 925 1741 1015 deos
1757 926 1834 1010 esse
1850 953 1929 1040 pu-

535 1062 643 1129 tent:
668 1040 724 1129 dii
745 1037 875 1128 utrirtn
901 1040 995 1148 smt,
1024 1046 1203 1153 ne'cne,
1234 1041 1399 1127 uaeritur.
1931 1088 1934 1093 ·

594 1162 701 1246 Nam
719 1154 784 1241 reli
812 1185 871 1242 uae
890 1157 1036 1263 causa,
1063 1186 1160 1271 quas
1187 1072 1394 1243 Cleanthes
1419 1156 1555 1263 affert,
1577 1184 1744 1271 quarum
1773 1183 1850 1240 una
1874 1153 1931 1239 est

537 1270 593 1362 de
615 1186 950 1387 commodorum,
973 1302 1063 1389 qua
1089 1274 1288 1387 capimus,
1313 1266 1453 1383 copiai:
1473 1270 1585 1379 altera
1619 1270 1671 1356 de
1701 1292 1929 1383 temporum

540 1385 707 1490 ordine,
728 1386 806 1473 caeli
835 1412 885 1471 ue
908 1384 1145 1473 constantii:
1170 1384 1585 1493 tum-tradiabunturi
1611 1381 1750 1489 nobis,
1775 1380 1937 1470 cirmde

572 1500 787 1591 rovidentia
805 1416 977 1587 deorum
1001 1498 1310 1617 disputabimus,
1333 1498 1385 1583 de
1417 1506 1496 1613 qn'a
1521 1498 1687 1613 plurima
1706 1504 1741 1586 ‘i
1762 1521 1832 1603 re,
1854 1496 1938 1583 Bal-

605 1613 744 1720 ,dicta
768 1614 874 1700 sunt:
895 1614 1121 1731 eodquue
1139 1614 1198 1699 illa
1227 1614 1343 1699 etiam
1368 1611 1591 1699 differemus
1604 1676 1617 1718 ,
1651 1612 1767 1728 quod
1800 1614 1934 1727 Chry-

543 1733 700 1845 sippum
713 1732 746 1767 ¹²
760 1727 892 1814 dicere
912 1726 1066 1833 aiebas,
1088 1732 1277 1844 quoniam
1293 1730 1385 1813 esset
1409 1726 1554 1841 aliquid
1570 1732 1609 1812 in
1631 1757 1761 1815 rerum
1785 1749 1933 1831 natura,

463 1882 470 1897 ·
544 1843 663 1961 quod
683 1843 734 1931 ab
752 1844 915 1929 homine
932 1844 1036 1927 effici
1054 1872 1139 1929 non
1162 1844 1312 1956 pollet,
1333 1842 1413 1927 'else
1438 1842 1600 1928 homine
1618 1842 1766 1959 aliquid
1790 1840 1935 1925 melius.

545 1955 732 2081 Quoque
750 1958 780 1999 ¹³
796 1962 838 2041 in
857 1954 986 2043 domo
1001 1956 1161 2070 pulchra
1183 1986 1275 2043 curn
1299 1954 1587 2069 pulchritudine
1612 1955 1750 2061 mnndi
1770 1982 1937 2069 compa-

546 2078 685 2177 rabas,
707 2074 856 2158 &ciam
881 2071 1003 2157 totius
1028 2070 1168 2158 mundi
1198 2074 1510 2174 convenientiam
1541 2074 1856 2182 consensumque
1880 2068 1940 2153 as-

548 2188 722 2291 serebas,
748 2188 992 2301 Zenonisque
1004 2182 1203 2273 breves&
1224 2185 1393 2272 acutulas
1410 2185 1685 2296 conclusiones
1702 2189 1742 2270 in
1755 2212 1840 2269 eam
1853 2212 1940 2297 par-

550 2328 632 2391 tem
652 2301 859 2404 sermonis,
880 2328 1000 2414 quam
1025 2301 1152 2389 modi>
1172 2299 1278 2405 dixi,
1306 2300 1552 2405 differemus„
1588 2301 1820 2413 Eodc‘mque
1843 2323 1942 2384 tem·
2091 2370 2092 2402 ,

554 2443 653 2534 pore
673 2414 732 2501 illa
757 2414 912 2520 omnia,
937 2444 1025 2529 quar
1050 2419 1074 2504 a
1096 2439 1134 2503 te
1153 2416 1312 2530 physice
1343 2413 1447 2501 ditia
1470 2416 1554 2503 sunt
1576 2414 1627 2501 de
1645 2416 1686 2500 vi
1708 2418 1842 2531 ignea,
1870 2412 1973 2503 db„
2091 2408 2092 2420 Ν

552 2557 636 2648 que
659 2557 710 2617 eo
740 2528 894 2633 calore,
912 2556 963 2614 ex
987 2561 1073 2646 qno
1096 2534 1228 2616 omnia
1253 2534 1425 2646 generari
1438 2527 1624 2635 dicebas,
1643 2528 1736 2618 loco
1756 2531 1826 2617 suo
1839 2558 1943 2643 qua-

555 2666 707 2731 rentur:
724 2648 967 2758 omniaque,
992 2664 1085 2758 quae'
1107 2649 1130 2731 a
1157 2667 1194 2730 re
1215 2649 1249 2691 ¹⁴
1263 2644 1408 2729 nudius
1428 2650 1569 2732 tertius
1587 2644 1692 2733 dicta
1719 2644 1828 2748 sunt,
1852 2638 1943 2727 ciun

553 2761 704 2847 docere
729 2759 865 2863 velles,
890 2757 990 2845 deos
1011 2760 1109 2863 esse,
1129 2788 1248 2873 quare
1271 2762 1310 2845 &
1334 2759 1505 2846 mundus
1530 2758 1944 2863 universus,&sol,&

556 2876 674 2979 luna,
701 2875 740 2960 δι
762 2872 868 2958 stella
877 2871 1029 2960 sensum
1045 2904 1092 2960 ac
1110 2894 1279 2961 mentem
1303 2871 1516 2980 haberent,
1538 2880 1579 2961 in
1591 2874 1698 2960 idem
1714 2898 1867 2987 tempus
1882 2900 1945 2958 re-

559 2988 734 3077 servabo.
776 2992 810 3073 Α
838 3008 877 3071 te
913 3009 1043 3075 autern
1069 2988 1174 3074 idem
1204 2989 1297 3075 ilud
1322 2994 1436 3075 etiam
1462 3012 1579 3107 atque
1611 2994 1726 3076 etiarn
1749 3015 1946 3104 quaram,

558 3098 707 3218 quibus
732 3100 945 3189 rationibus
969 3101 1038 3189 tibi
1092 3102 1313 3210 ersuadeas,
1332 3104 1430 3191 deos
1447 3106 1532 3192 esse.

491 3242 553 3353 ἶ
621 3220 729 3303 Tum
761 3211 921 3322 Balbus,
947 3134 1141 3331 Equidem
1176 3219 1336 3305 attulisse
1362 3221 1529 3306 rationes
1554 3222 1650 3305 mihi
1673 3218 1853 3306 'videort
1885 3216 1946 3302 sed

560 3358 628 3417 eas
651 3356 696 3417 tu
719 3329 772 3415 ita
797 3329 955 3436 resellis,
978 3340 1045 3434 ut,
1066 3335 1162 3417 crim
1189 3361 1252 3417 me
1274 3332 1579 3451 interrogaiurus
1604 3334 1680 3419 effe
1701 3332 1883 3437 videare,
1909 3334 1947 3419 dc

565 3476 646 3561 ego
666 3470 730 3529 me
755 3444 806 3528 ad
832 3442 1147 3561 respondendum
1167 3454 1448 3560 compararim,
1468 3450 1626 3564 tepenti
1641 3471 1787 3535 avertas
1802 3451 1949 3535 oratio-

564 3590 683 3664 nem,
705 3584 779 3644 nec
807 3556 876 3645 des
902 3560 1162 3672 respondendi
1190 3561 1332 3648 locum.
1380 3568 1513 3679 ltaque
1540 3562 1716 3649 maxima
1749 3590 1808 3647 res
1827 3566 1948 3648 tacita

565 3678 853 3791 praeterierunt,
883 3674 934 3759 de
948 3674 1214 3795 divinatione,
1237 3676 1288 3763 de
1312 3676 1393 3764 fato
1408 3712 1419 3767 ε
1434 3677 1578 3795 quibus
1598 3677 1649 3762 de
1670 3676 1948 3793 quaestionibus

835 3839 839 3845 ’
1904 3812 1950 3875 tu

615 3994 661 4032 12.
679 3976 760 4053 Qud
776 3973 937 4055 Grosppum
951 3977 1034 4035 dicere
1052 3978 1156 4048 aiebas]
1174 3978 1242 4036 For·
1274 3965 1408 4038 Uisinum
1432 3980 1468 4039 ad
1490 3978 1540 4039 lib.
1550 3978 1588 4037 11.
1607 3994 1667 4054 cap·
1680 3996 1727 4045 29.
1746 3976 1855 4033 Drvrs.

568 4039 694 4133 “ism
722 4052 881 4136 (ΜΡΝ
904 4057 986 4115 dim
1010 4058 1123 4128 ΜΝ
1146 4057 1192 4118 vel
1212 4055 1241 4115 in
1318 4058 1470 4132 15.Qudd
1496 4058 1560 4119 nihil
1583 4062 1611 4118 itt
1640 4078 1728 4117 rerum
1757 4073 1855 4114 nanus
1874 4060 1888 4124 ]
1908 4052 1948 4112 Ita

568 4132 815 4205 Mentibus,
834 4137 972 4217 euinque
988 4136 1062 4199 illud
1077 4142 1154 4198 etiarn
1172 4138 1243 4219 diffe-
1274 4139 1358 4211 dedi,
1377 4158 1483 4201 veteres
1510 4138 1597 4201 libros
1621 4136 1727 4199 securus
1747 4158 1757 4208 3
1777 4154 1845 4195 nam
1871 4134 1947 4213 vulg.

570 4235 670 4275 remus.
692 4217 802 4275 Harum
816 4215 1049 4282 emendationum
1066 4220 1182 4281 alteram
1195 4220 1243 4281 fla·
1272 4240 1323 4301 qua
1343 4222 1408 4281 nilis
1420 4218 1562 4282 exhibent
1582 4222 1739 4281 Dnvrsrus
1759 4212 1948 4289 Quod-offen

570 4295 755 4379 ginnontio.
773 4298 929 4360 Drvrsrvs
1273 4301 1400 4363 Davisius
1412 4342 1422 4375 ,
1446 4300 1581 4381 equidem
1604 4298 1743 4382 accipiam
1768 4298 1870 4359 libens.
1890 4294 1948 4369 Qui

620 4397 664 4456 13.
683 4384 801 4461 Μ
813 4383 842 4440 in
857 4382 933 4440 domo
943 4380 1051 4464 prdcltra
1062 4402 1120 4444 mm
1131 4384 1245 4467 pulchri
1274 4400 1368 4444 tamen
1394 4382 1446 4445 fint
1473 4382 1538 4445 libri
1569 4404 1640 4461 quos
1667 4378 1789 4459 appellat
1817 4396 1947 4446 veteres,

571 4461 665 4521 audine
682 4464 774 4521 mund
799 4464 964 4544 cornparabas
976 4502 985 4533 ,
1007 4464 1040 4525 dc
1062 4462 1121 4524 ciem
1144 4468 1241 4535 maur]
1269 4458 1375 4526 nesio.
1395 4470 1489 4541 Quare
1499 4466 1584 4527 duces
1599 4482 1718 4545 quatuor
1729 4480 1810 4522 meos
1825 4458 1949 4521 deserere

576 4540 705 4603 Delenda
717 4541 827 4605 videtur
845 4543 949 4620 copula
963 4541 1009 4605 ὰ.
1028 4548 1189 4607 Worrtsns.
1277 4545 1366 4607 nolui
1380 4546 1547 4609 Onrvsrus.
1952 4578 1955 4583 ι

622 4640 667 4692 14.
688 4622 788 4705 Qaed
808 4644 834 4684 re
854 4623 1051 4687 nudiustertius
1070 4626 1141 4688 disla
1157 4628 1245 4706 sunt]
1320 4644 1366 4689 16.
1386 4622 1472 4689 Antra
1492 4623 1614 4707 conclusio
1635 4624 1790 4696 disum]
1820 4618 1945 4683 Difficilis

576 4697 732 4779 &dmm
749 4710 913 4780 mmuh.
931 4723 1006 4769 tortu
1028 4706 1108 4771 enim
1125 4706 1172 4791 hic
1188 4706 1247 4792 dia7
1277 4706 1356 4771 locus
1366 4731 1375 4780 3
1396 4710 1428 4770 ἃ
1446 4706 1552 4770 tortam
1574 4726 1722 4786 eorrupurs
1742 4726 1753 4776 3
1773 4707 1810 4767 de
1829 4725 1887 4784 quo
1902 4722 1947 4761 ra-
2010 4738 2014 4745 -

572 4782 660 4867 rogo
675 4804 738 4867 vo
751 4788 923 4869 uenum
936 4787 1055 4870 mim
1075 4788 1242 4871 vneror.
1275 4787 1316 4855 ro
1338 4794 1517 4873 conam
1532 4788 1611 4855 nar
1629 4814 1639 4867 ς
1658 4786 1708 4852 an
1727 4786 1806 4851 enm
1820 4786 1948 4929 regam

1905 4884 1960 4935 m:
