4259 5592
406 490 411 498 -
469 398 1327 571 nrnmnsncruuvs
1511 494 1592 587 ns

197 644 573 762 nd-›stptenniones
593 712 607 755 ,
625 669 713 735 tum
732 644 784 735 ad
805 645 1029 750 meridiem,
1046 646 1197 751 eliates
1217 644 1428 735 &hiemes
1449 646 1597 755 efficit,

203 765 245 851 bt
258 788 312 851 'ea
328 764 414 850 duo
428 786 632 877 tempora,
654 792 829 879 quorum
841 762 1002 850 alterum
1024 759 1359 877 biemisenesoenti
1372 762 1598 871 adpotum

196 878 287 983 eli,
317 878 477 965 alterurn
500 878 631 967 aestati.
672 884 728 965 lta
755 906 805 965 ex
831 900 1002 993 quatuor
1027 899 1255 990 temporum
1279 877 1598 988 mutationibus,

119 1070 124 1073 ,
206 991 415 1096 omniurn,
438 1020 531 1105 qum
560 988 660 1081 terrai
675 996 857 1109 marique
877 997 1118 1107 gignuntur,
1135 990 1272 1099 initia,
1296 986 1504 1107 cautique
1522 992 1601 1080 du-

194 1129 357 1193 cuntur.
1300 1126 1303 1133 ·

260 1224 345 1353 „Jam
365 1218 451 1308 biis
480 1249 635 1309 annuos
664 1221 796 1307 cursus
822 1218 948 1335 spatiis
972 1220 1178 1306 menstruis
1211 1219 1304 1308 luna
1326 1222 1602 1337 consequitur:

194 1327 600 1450 rciiJusteouilfimum
623 1336 756 1421 lumen
777 1332 867 1423 satit
889 1339 1093 1450 proximus
1112 1336 1284 1422 accessus
1303 1338 1355 1422 ad
1378 1336 1518 1442 solern,
1539 1335 1603 1424 di-

207 1452 356 1565 gtelius
388 1472 518 1537 autem
539 1450 777 1565 longissimus
803 1452 969 1567 quisque
1001 1451 1266 1565 plenissimum.
1306 1457 1452 1568 Neque
1480 1452 1605 1539 solum

207 1566 291 1676 ejus
311 1567 452 1682 species
473 1595 519 1654 ac
538 1567 666 1653 forma
690 1589 889 1673 mutatur,
913 1589 1000 1655 turn
1025 1564 1260 1671 crescendo,
1285 1588 1372 1652 tum
1390 1563 1606 1654 deseiiibus

206 1684 252 1772 in
272 1685 381 1767 initia
409 1681 676 1786 recurrendo,
702 1678 767 1765 sed
795 1683 911 1767 etiam
929 1686 1061 1795 regio,
1085 1710 1172 1795 qua
1191 1682 1609 1798 tum'²estaquilona·

211 1794 281 1898 lis,
302 1816 386 1883 turn
414 1796 590 1883 australis
620 1794 668 1879 In
695 1794 794 1885 lune
820 1826 906 1910 quo
935 1822 986 1881 ue
1023 1794 1136 1881 curiit
1162 1796 1217 1880 est
1252 1799 1294 1885 8(
1319 1794 1468 1883 bruma:
1497 1826 1610 1911 quae*

207 1907 306 1995 dam
318 1972 332 2014 ,
344 1910 396 1995 δι
420 1910 561 1997 solstitii
587 1908 796 1997 similitudo
810 1943 822 1998 ε
835 1958 837 1975 =
852 1827 1056 2025 mdltique
1076 1904 1125 1996 ab
1146 1938 1192 1996 ea
1211 1936 1391 2019 manant,
1412 1913 1610 2019 &fluunt

213 2022 359 2136 quibus
383 2024 661 2140 &animantes
682 2024 856 2129 alantur,
879 2028 1193 2139 augescantque5
1212 2027 1252 2113 &
1273 2024 1508 2141 pubescant,
1523 2058 1611 2127 rna·

214 2141 491 2253 turitatsmque
516 2141 592 2227 affe
621 2162 788 2244 uantur,
810 2166 899 2253 quae
918 2143 1100 2227 oriuntur
1122 2139 1146 2225 ὲ
1171 2162 1279 2227 terra

207 2340 212 2349 ,
254 2256 445 2341 'Maxime
470 2258 565 2342 vero
589 2171 676 2339 punt
698 2252 939 2341 admirabiles
963 2277 1096 2341 motus
1125 2280 1258 2339 eastun
1290 2260 1467 2374 quinque
1488 2255 1612 2343 stela-
1626 2264 1685 2373 ᾗ

214 2399 333 2474 rum,
359 2398 446 2480 quae
468 2366 564 2457 bls'o
587 2392 780 2456 vocantur
804 2392 980 2456 errantes.
1017 2366 1126 2459 Nihil
1150 2371 1256 2454 enim
1288 2396 1409 2478 errat,
1430 2370 1547 2488 quod
1570 2376 1612 2460 in

215 2488 328 2571 omni
358 2483 565 2571 aetemitate
587 2484 786 2571 conservat
811 2480 1034 2599 progressus
1063 2484 1103 2571 &
1128 2485 1341 2599 regressus,
1367 2486 1613 2604 reliquosque

210 2622 350 2717 'motus
374 2600 618 2704 constantes,
635 2601 675 2684 bt
697 2622 811 2687 ratos.
841 2598 969 2720 Qtod
986 2600 1036 2687 eb
1055 2599 1111 2684 est
1123 2598 1386 2688 admirabilius
1400 2607 1440 2689 in
1455 2604 1511 2687 his
1526 2599 1613 2687 siel-

156 2795 162 2804 ,
214 2714 287 2821 lis,
308 2709 405 2826 quas
428 2714 628 2819 dicimus,
652 2718 745 2829 quia
765 2737 851 2802 tum
873 2712 1142 2820 occultantur,
1172 2735 1258 2801 tum
1281 2716 1406 2803 rursus
1427 2720 1613 2830 aperiun-

208 2853 307 2934 tur,
324 2852 409 2913 tum
435 2830 580 2915 abeunt
597 2831 648 2934 ³³,
671 2850 756 2915 tum
783 2828 999 2934 recedunt,
1025 2852 1111 2917 tum
1133 2830 1397 2938 antecedunt,
1419 2831 1506 2919 tum
1520 2828 1613 2917 sub-

211 2945 460 3059 sequuntur,
479 2968 564 3033 turn
585 2943 748 3031 celerius
779 2967 1011 3049 moventur,
1036 2968 1125 3031 tum
1146 2942 1319 3052 tardiirs,
1343 2970 1430 3033 tum
1445 2945 1615 3035 omnino

218 3087 271 3145 ne
292 3082 502 3145 moventur
521 3059 712 3257 quidem,
734 3056 798 3145 sed
825 3058 876 3145 ad
893 3058 1101 3176 quoddam
1116 3083 1271 3177 tempus
1289 3063 1473 3149 insiliunt.
1502 3069 1617 3181 Qa-

213 3204 308 3277 ,rum
335 3174 533 3289 exdispari
564 3204 609 3260 us
629 3174 1085 3289 motionibusmagnum
1104 3204 1252 3265 annum
1262 3176 1529 3265 mathematici
1538 3208 1617 3265 no-

218 3294 490 3395 minaverunt,
519 3294 589 3405 qui
618 3312 702 3377 turn
719 3289 906 3396 efficitur,
925 3298 1020 3379 etim
1033 3290 1149 3395 solis,
1172 3291 1211 3376 bt
1235 3291 1361 3397 lunae,
1384 3295 1632 3409 &quinque-

86 3518 93 3525 ·
219 3404 431 3499 errantium
440 3404 491 3493 ad
503 3404 669 3495 eandem
685 3404 1225 3526 ³⁴intersecompararionem
1237 3406 1425 3495 contestis
1437 3410 1618 3609 omsnium

226 3560 230 3565 ¹
883 3530 922 3613 C
951 3554 974 3611 c
1003 3554 1079 3611 cc
1136 3552 1160 3608 a
1503 3522 1617 3637 patiis

219 3708 444 3790 rrrralarr's,quae
455 3712 530 3774 sexta
553 3710 594 3774 eli
611 3726 674 3774 ante
686 3710 820 3774 kalendas
829 3714 905 3773 Mar·
942 3712 999 3775 boc
1016 3710 1083 3772 loco
1106 3706 1335 3771 condimentum
1347 3706 1396 3780 lit,
1414 3707 1545 3769 nondum
1560 3704 1620 3783 il*

181 3792 186 3801 ⁴
219 3786 284 3853 tias.
303 3794 330 3851 Is
347 3798 443 3855 autem
454 3816 569 3866 annus,
595 3792 626 3852 in
641 3814 729 3871 ‚quem
746 3795 906 3855 intercalaris
942 3792 978 3855 nd
994 3789 1131 3887 persptad.
1150 3788 1209 3855 vix
1221 3808 1292 3869 puto
1303 3790 1378 3868 posse
1393 3806 1494 3881 omnes
1507 3785 1621 3850 codice·

222 3870 286 3934 dies
301 3872 417 3947 incidit,
435 3896 499 3937 eam
517 3877 629 3939 obrem
647 3874 907 3957 dicinrlnpxnts,
945 3892 1074 3953 antiquos
1090 3872 1120 3932 in
1139 3872 1244 3934 eodem
1260 3890 1355 3933 errore
1377 3867 1486 3932 πῶυ.
1505 3874 1621 3932 Vrcro-

213 3954 292 4034 'quia
304 3955 346 4016 bis
365 3957 561 4035 repetiturVI.
576 3956 718 4019 kalendas.
739 3960 906 4019 Lescnnoe.
947 3974 1024 4019 atos.
1046 3950 1468 4031 AtManutio,hmbit16que
1492 3948 1622 4031 pineum,

251 4048 254 4057 '
270 4054 317 4114 32.
337 4042 405 4119 Qua
421 4059 477 4099 rom
497 4040 528 4119 est
547 4040 718 4119 aqrtilonasir,
743 4058 799 4099 rum
814 4038 909 4119 atgiba-
944 4039 1112 4121 aquilonaris.
1132 4038 1290 4097 Davtstue·

223 4118 286 4193 lis]
310 4120 408 4180 Inveni
421 4119 452 4179 in
473 4121 579 4181 cunciis
594 4120 655 4181 Md
673 4120 770 4193 libris,
786 4140 909 4197 quorum
986 4140 1001 4198 3
1008 4140 1034 4193 3.
1053 4121 1122 4178 Tum
1144 4118 1259 4189 abnuat,
1276 4135 1334 4177 turn
1349 4117 1495 4190 tradunt]
1515 4112 1624 4177 Emen-

223 4200 288 4261 duo
305 4220 383 4261 erant
400 4200 591 4280 antiquiffimi,
613 4202 644 4263 &
660 4201 730 4261 mihi
745 4200 909 4281 valde‘pro
946 4202 1074 4263 dandum
1084 4219 1122 4261 ex
1136 4199 1251 4275 antiquo
1262 4196 1355 4269 libro,
1373 4215 1430 4256 rum
1453 4198 1626 4268 adamantur

224 4281 309 4352 bati,
335 4286 468 4364 aquilenis
492 4304 544 4363 pro
569 4286 732 4365 aquilonalis.
776 4282 912 4345 Animad·
946 4284 1229 4343 recesuinunsmus.
1251 4282 1332 4339 Hanc
1349 4278 1504 4340 temonem
1517 4278 1626 4356 recepi,

224 4360 397 4425 verisnam
410 4367 568 4427 Germanos
581 4406 589 4437 ,
603 4366 680 4443 quod
702 4364 738 4425 lic
752 4363 859 4426 fortasse
881 4364 912 4426 &
948 4384 1034 4443 quarn
1055 4380 1100 4423 res
1119 4359 1201 4441 ipsi,
1224 4360 1349 4438 locique,
1363 4357 1453 4420 entus
1476 4358 1627 4439 postulant.

217 4441 280 4523 'ipsi
299 4445 329 4504 in
350 4444 444 4523 aliquo
458 4446 615 4525 exemplam¹
635 4446 777 4527 legissent,
793 4448 914 4507 eandem
950 4450 1107 4507 Drvrstos.
1147 4444 1183 4503 Et
1202 4462 1255 4504 nos
1277 4460 1389 4520 qnoque
1416 4438 1627 4519 recepissemus,
1666 4494 1671 4501 .

224 4546 335 4587 vocem
353 4527 382 4585 in
404 4528 532 4610 margine
558 4526 598 4588 sui
626 4527 729 4589 codicis
758 4529 915 4589 adnotasse:
951 4526 1001 4587 nili
1017 4524 1180 4605 scrupulum
1193 4521 1324 4604 iniecisset
1344 4522 1544 4602 primariamm
1561 4542 1628 4602 qua-

175 4658 180 4667 .
228 4628 287 4668 nec
306 4628 402 4669 tamen
422 4609 515 4687 recepi
536 4630 545 4668 ε
566 4630 625 4670 non
649 4609 728 4669 enim
754 4610 821 4670 alibi
840 4611 916 4689 apud
951 4626 1016 4673 ntor
1031 4606 1190 4670 editionum
1206 4604 1361 4678 consensus.
1380 4606 1549 4665 omnus

225 4689 311 4750 hunc
336 4692 480 4752 sudorem
501 4691 600 4769 reperi.
627 4691 706 4765 ¹Scio
726 4692 917 4753 recentiorum
995 4712 1041 4769 34.
1064 4692 1110 4750 Art
1131 4691 1240 4748 eandem
1257 4692 1326 4749 inter
1337 4686 1367 4767 se
1390 4690 1628 4770 compartionem]

227 4770 379 4851 plerosqoe
406 4790 470 4833 eam
493 4772 627 4851 usurpasse
648 4772 770 4835 eruditos
778 4772 870 4833 viros.-
887 4793 919 4834 ut
953 4772 1054 4833 Eliens
1073 4790 1146 4832 unus
1168 4769 1254 4831 habet
1274 4767 1559 4851 conpofirionem‚quae
1569 4764 1632 4844 qui·

227 4874 294 4912 non
321 4854 426 4914 temerd
452 4874 500 4915 eos
528 4854 559 4915 id
584 4854 674 4915 fecisse
701 4852 919 4916 existimandum
955 4856 1022 4915 dem
1047 4852 1133 4915 lefflo
1161 4850 1278 4913 videtur
1303 4850 1507 4929 amplesienda.
1534 4844 1631 4909 Graeod

180 4945 198 4960 ¹·
216 4926 275 4995 'sin
297 4934 401 4998 Cicero
421 4937 570 5019 aquilonius
588 4935 656 5001 alibi
677 4935 756 4999 dixit.
789 4936 868 5011 Quid
885 4939 921 4999 de
956 4936 1058 5000 diruis
1079 4934 1113 5000 tir
1131 4926 1155 4997 i·
1175 4935 1252 4997 assir
1272 4926 1483 5015 amnem.
1503 4932 1611 4993 navo
