4259 5592
528 470 628 551 ’.μ
839 462 842 471 ι
970 426 1080 517 nn
1135 421 1533 517 mutuus

540 628 636 728 luc,
659 642 704 705 ut
728 631 844 733 neget
873 610 1058 703 accedere
1087 611 1307 729 quidquam
1335 611 1448 725 polle
1482 606 1535 694 ad
1564 607 1807 722 voluptatem
1837 614 1935 710 nihil

486 794 488 797 -
540 738 720 825 dolentis.
749 741 800 821 At
823 734 891 818 isle
923 758 1009 817 non
1024 724 1187 813 dolendi
1210 728 1326 813 slatus
1337 755 1421 813 non
1437 745 1603 812 vocatur
1616 725 1808 843 voluptas„
1835 735 1938 821 Non

537 852 702 955 laboro,
724 852 764 933 in
795 850 874 952 uir,
900 846 951 932 de
970 838 1142 931 nomine.
1171 840 1312 969 Qid,
1338 838 1451 943 uuhd
1476 868 1535 926 res
1559 838 1631 927 alia
1646 862 1729 929 tota
1750 843 1833 937 est?
1856 850 1935 933 Re.

540 970 686 1083 petiam
708 991 750 1045 m
790 988 851 1049 tos
872 1026 885 1065 ,
912 959 971 1047 vel
997 956 1295 1043 innumerabiles
1321 951 1483 1069 potilts,
1510 984 1595 1041 non
1616 962 1708 1044 tam·
1729 957 1935 1067 curiosos,

539 1104 714 1166 nectam
742 1078 947 1178 molestos,
969 1074 1091 1189 quim
1116 1062 1190 1157 vos
1213 1072 1325 1157 estis:
1349 1068 1527 1189 quibus,
1555 1070 1754 1185 quidquid
1789 1072 1935 1181 velim,

492 1274 495 1278 .
538 1194 648 1283 facile
680 1191 938 1307 persuadeam.
969 1184 1081 1319 Quid
1101 1213 1197 1299 ergo
1222 1182 1472 1290 dubitamus,
1492 1188 1624 1383 puin,
1645 1186 1675 1271 st
1695 1216 1779 1273 non
1797 1186 1934 1277 dolete

539 1310 719 1420 voluptas
739 1308 783 1391 sit
808 1306 982 1407 summa,
1008 1330 1094 1415 non
1117 1299 1194 1385 else
1209 1305 1250 1385 in
1272 1300 1475 1413 voluptate
1522 1299 1610 1386 olor
1636 1300 1681 1385 sit
1701 1300 1935 1389 maximus?

539 1430 626 1511 Cur
645 1420 687 1507 id
710 1450 792 1506 non
815 1420 868 1505 ita
894 1420 971 1504 sit?
992 1419 1098 1541 Qia
1110 1412 1241 1503 dolori
1260 1445 1344 1503 non
1360 1414 1541 1526 voluptas
1560 1419 1751 1503 contraria
1773 1418 1827 1503 est
1838 1414 1931 1523 ,sed

539 1534 688 1623 doloris
742 1535 890 1621 rivatio

466 1698 523 1719 ν·-
598 1658 690 1737 Hoc
712 1566 811 1737 1ieri)
834 1652 918 1736 riou
944 1645 1103 1751 videre,
1122 1650 1294 1733 maximo
1317 1662 1550 1759 argumento
1566 1646 1619 1749 ²⁵,
1643 1646 1720 1733 else
1743 1646 1839 1736 volu
1867 1668 1928 1736 ta.

471 1766 522 1825 ¹0
540 1788 619 1851 tem
643 1764 774 1863 illam3
800 1762 880 1878 qual
907 1758 1073 1864 sublata,
1095 1784 1211 1875 neget
1244 1760 1280 1845 se
1306 1760 1511 1876 intelligere
1532 1763 1729 1867 omnino,
1760 1679 1866 1877 quil
1885 1766 1930 1853 lit

539 1881 703 1967 bonum.
733 1884 825 1963 Eam
854 1901 984 1964 autern
1003 1876 1056 1961 ita
1077 1879 1350 1989 persequitur,
1377 1904 1464 1987 quae
1502 1876 1632 1989 palato
1666 1879 1928 1989 percipiatur,

534 2026 624 2113 ,qua
652 1992 831 2081 auribus:
855 2014 988 2080 cetera
1007 1989 1140 2092 addit,
1164 1988 1305 2101 quaest
1333 1988 1530 2102 appelles,
1554 1993 1686 2076 honos
1708 1990 1927 2103 praefandus

534 2115 591 2196 sit.
621 2115 712 2196 Hoc
738 2107 853 2223 igitur
876 2103 990 2220 quod
1024 2103 1149 2189 solum
1172 2100 1325 2189 bonum
1347 2107 1496 2189 severus
1522 2104 1561 2188 8(
1595 2108 1720 2217 gravis
1749 2104 1928 2217 philosm

533 2227 638 2347 phus
660 2228 801 2325 novit,
820 2219 924 2307 idem
945 2249 1028 2305 non
1053 2215 1160 2304 videt
1182 2244 1232 2302 ne
1247 2216 1511 2331 expetendun
1533 2217 1695 2332 quidem
1715 2218 1926 2333 essequod

532 2366 621 2424 eam
647 2337 887 2450 voluptatem
910 2338 989 2422 hoc
1017 2330 1161 2418 eodem
1186 2333 1345 2419 audere
1384 2363 1467 2419 non
1503 2330 1797 2437 desideremus,
1830 2330 1926 2425 citrn

530 2451 675 2539 dolore
704 2477 928 2536 careamus:
947 2475 1053 2561 quan
1083 2475 1174 2530 uam
1191 2445 1322 2531 ²⁶haec
1349 2446 1436 2533 sunt
1465 2447 1665 2533 contraria

589 2564 712 2650 Hiesr
733 2562 894 2648 definire
916 2562 955 2646 lit
978 2476 1153 2647 divilere
1174 2559 1388 2662 didicisset,
1414 2561 1442 2647 sr
1473 2559 1665 2677 loquendi
1677 2562 1783 2667 vim,
1804 2563 1923 2680 side·

530 2682 653 2794 nique
670 2674 994 2765 consuetudinem
1016 2670 1226 2760 verborum
1249 2697 1421 2778 teneret,
1442 2702 1645 2791 nimquam
1668 2678 1709 2761 in
1731 2696 1855 2763 tantas
1866 2680 1923 2763 h-

530 2790 651 2880 lebras
675 2790 876 2880 incidisset.
905 2796 1026 2879 Nunc
1047 2787 1180 2893 vides,
1212 2788 1310 2905 quid
1330 2789 1454 2875 saciat.
1495 2796 1629 2908 Qam
1645 2789 1681 2836 ²⁷
1699 2817 1819 2879 nemo
1843 2822 1924 2878 un-

562 2938 653 2993 uam
676 2908 918 3020 voluptatem
945 2902 1133 3017 appellat,
1160 2904 1325 2990 &hanc
1340 2908 1391 2991 in'
1411 2924 1527 2991 motu
1553 2905 1812 3019 voluptatem,
1832 2935 1921 3018 quae

529 2939 616 3107 guo
644 3024 753 3125 litut,
777 3050 900 3105 unum
923 3018 1024 3103 facit.
1052 3021 1113 3104 Sic
1139 3020 1244 3103 enim
1262 3021 1330 3104 has
1351 3020 1482 3105 suaves
1504 3018 1544 3104 &
1569 3021 1676 3135 quali
1697 3017 1829 3105 duces
1842 3051 1923 3107 νο-Ι

530 3136 692 3249 luptates
719 3133 896 3248 appellat.
927 3130 1124 3218 Interdum
1150 3136 1203 3218 ita
1222 3155 1433 3237 extenuat,
1456 3154 1501 3217 ut
1515 3135 1580 3220 Μ’.
1609 3136 1777 3221 Curium
1792 3131 1826 3172 ²⁸
1840 3165 1923 3249 pu-

529 3250 734 3363 tes'loqui:
764 3246 959 3336 imerdum
983 3246 1036 3331 ita
1059 3244 1212 3353 laudat,
1230 3272 1300 3353 ut,
1336 3246 1434 3360 quid
1461 3270 1641 3361 praeterea
1671 3248 1716 3334 srt
1736 3245 1889 3334 bonum
1901 3314 1920 3355 ,

528 3388 643 3477 neget
666 3368 701 3456 se
728 3365 840 3481 posse
863 3390 912 3448 ne
932 3361 1108 3477 suspicari
1126 3360 1298 3474 quidem.
1328 3368 1427 3485 Qtae
1438 3362 1513 3473 jam
1537 3366 1664 3449 oratio
1686 3392 1770 3450 non
1789 3365 1921 3475 alphi-

526 3478 694 3592 losopho
713 3482 873 3592 aliquo,
893 3472 1001 3569 seda
1036 3476 1195 3565 censore
1230 3474 1488 3591 opprimenda
1511 3474 1576 3562 est.
1614 3483 1712 3564 Non
1732 3475 1786 3561 est
1813 3480 1921 3563 enim

525 3598 664 3681 vitium
688 3592 730 3685 in
755 3594 932 3680 oratione
952 3586 1076 3681 solum
1088 3658 1103 3698 ,
1125 3591 1319 3679 sedetiam
1335 3597 1376 3677 in
1396 3587 1582 3678 moribus.
1609 3591 1818 3679 Luxuriam
1832 3622 1920 3679 non

523 3706 791 3821 reprehendit,
815 3707 940 3801 modo
957 3707 1001 3791 sit
1026 3736 1151 3794 vacua
1175 3705 1323 3793 infiniti
1345 3704 1557 3820 cupiditate
1580 3708 1619 3793 de
1646 3712 1799 3794 timore.

583 3826 677 3909 Hoc
698 3820 792 3909 loco
817 3820 1025 3936 discipulos
1051 3850 1222 3936 quarere
1245 3821 1425 3925 videtur,
1450 3843 1525 3923 ut,
1550 3824 1621 3934 qui
1643 3819 1738 3910 asoti
1752 3822 1829 3907 effe
1843 3848 1919 3905 ve·

524 3936 619 4042 lint,
651 3937 875 4053 philosophi
896 3940 984 4025 ante
1012 3932 1116 4025 fiant
1156 3936 1370 4056 Aprim0,
1390 3958 1436 4021 ut
1459 3939 1632 4051 opinor,
1659 3938 1919 4023 urimantiurn

1818 4073 1915 4137 Ol'lu

565 4264 611 4315 25·
633 4250 813 4327 Argumenta,
833 4248 899 4331 effe]
920 4246 965 4316 Sic
977 4246 1198 4311 Gruterusralii
1234 4248 1274 4312 tio
1298 4249 1404 4313 doloris
1422 4248 1558 4313 contraria
1579 4248 1719 4315 videretur
1738 4273 1749 4321 3
1778 4268 1837 4311 non
1859 4250 1917 4309 elle

519 4324 609 4391 aliter.
639 4330 802 4407 Argrrmemo
835 4331 880 4414 effe
905 4330 1062 4411 voluptatem
1089 4331 1199 4402 ulam,
1235 4332 1322 4409 pollet
1344 4332 1492 4411 voluptas;
1510 4353 1565 4411 qua
1580 4332 1686 4400 sublati
1704 4375 1714 4404 ‚
1732 4334 1846 4395 bonum
1855 4329 1914 4391 rol-

521 4405 700 4495 llrctonrus.
729 4412 771 4491 Est
794 4428 963 4493 argrnnento,
983 4411 1141 4494 voluptatem
1165 4410 1198 4471 il-
1234 4414 1347 4475 leretur.
1366 4416 1411 4473 De
1426 4413 1568 4493 voluptate
1586 4431 1671 4494 quam
1688 4414 1778 4482 dicit,
1795 4410 1915 4473 videlia-

521 4486 634 4569 sameffe
651 4490 765 4561 nullam,
785 4494 954 4553 Lsuutuus.
976 4492 1071 4553 Locus
1087 4492 1197 4555 estcor-
1234 4496 1282 4573 pra
1301 4514 1361 4572 cap.
1384 4516 1411 4573 3.
1447 4495 1615 4559 Emendatio
1638 4493 1775 4557 Lambini
1801 4492 1918 4573 nullam

522 4584 630 4644 ruptus.
662 4568 782 4631 Forsitan
811 4573 888 4635 haud
917 4570 994 4633 mald
1013 4573 1197 4654 rescripserit,
1234 4575 1326 4637 reddit
1343 4574 1489 4638 Ciceronis
1504 4578 1789 4656 argumentationem.
1802 4577 1917 4635 Davrs.

525 4656 583 4719 Hoc
599 4652 664 4704 viro
687 4648 813 4728 (scilicet
837 4654 988 4733 Epicuro)
1012 4676 1064 4717 non
1092 4658 1198 4726 videri,
1276 4671 1323 4716 26.
1370 4677 1504 4738 umquam
1537 4662 1589 4720 hac
1608 4659 1675 4738 sunt
1706 4660 1861 4727 marola]
1883 4656 1917 4715 P.

522 4730 638 4797 maximo
652 4744 803 4817 argrrmento
822 4732 900 4803 ell‚'e
917 4735 1099 4816 evolttprarem
1117 4739 1198 4812 illam,
1234 4736 1356 4797 Pabera
1403 4740 1489 4799 head.
1514 4738 1537 4799 l.
1564 4764 1591 4800 2.
1611 4740 1769 4825 legendum
1798 4731 1917 4803 statuit:

518 4830 576 4907 qus}
588 4808 692 4891 sotera
711 4810 766 4881 &c
787 4811 866 4883 Natu
924 4814 1018 4897 dolori
1031 4816 1091 4882 sola
1106 4817 1198 4899 priva·
1230 4816 1325 4902 'Rudas
1339 4819 1463 4905 horsum
1480 4826 1635 4899 conum}
1704 4819 1708 4825 ’
