4259 5592
530 498 616 597 ὥς
816 464 1613 606 ruscusxurnum

393 698 397 703 ·
518 663 840 791 QCapione⁷,
879 668 935 749 M.
952 656 1141 773 Aquilio'
1171 652 1424 745 recordaturi
1445 657 1682 771 beatumque
1707 656 1853 767 vitam,
1883 662 1913 749 sr

518 769 753 895 imaginibus
780 778 917 890 potiris
940 773 996 857 uti
1014 778 1134 888 quim
1158 771 1273 862 rebus
1296 776 1383 889 ipsis
1404 772 1558 885 placet,
1578 790 1787 859 conantem
1802 779 1914 863 irein

504 897 732 1011 equuleum
764 897 900 977 retinet
925 886 1002 1001 ipb
1028 886 1260 1001 prudentia,
1287 892 1488 1004 negitque
1511 892 1547 971 ei
1587 916 1680 973 cum
1713 886 1854 975 dolore
1876 893 1936 978 &t

519 1010 695 1096 cruciatu
713 1007 935 1123 quidquam
957 1005 1034 1088 elie
1058 1030 1282 1090 commune.
1656 1028 1661 1035 ·
1758 1064 1780 1079 ,,

450 1140 508 1253 'g
550 1192 556 1207 ,
580 1132 795 1212 Marcus.
824 1118 944 1207 Facile
970 1121 1127 1229 patior,
1153 1140 1191 1203 te
1212 1119 1286 1205 isso
1310 1116 1439 1203 modo
1463 1144 1601 1231 agere:
1637 1118 1708 1203 etsr
1734 1123 1915 1235 iniquum

521 1240 577 1325 est
597 1235 837 1354 proscribere
856 1237 952 1321 mihi
987 1254 1051 1333 te,
1086 1230 1427 1345 quemadmodum
1442 1236 1477 1317 d
1502 1260 1565 1315 me
1600 1229 1784 1346 disputari
1813 1235 1915 1321 velis.

519 1353 599 1449 Sed
619 1381 781 1467 quaro,
802 1358 937 1437 utrum
955 1345 1103 1461 aliquid
1120 1350 1250 1433 ailum
1271 1344 1533 1459 superioribus
1544 1341 1717 1452 diebus',
1744 1378 1794 1433 an
1821 1350 1915 1435 nihil

520 1465 776 1557 arbitremur?
802 1472 1033 1553 Aunrror.
1084 1466 1225 1549 Alium
1260 1466 1376 1565 verb,
1408 1458 1720 1575 &aliquantum
1743 1462 1939 1578 quidem·

521 1587 732 1693 Marcus.
761 1584 905 1694 Atqui,
930 1578 1028 1665 srita
1046 1578 1123 1681 est,
1143 1576 1352 1692 profligata
1373 1577 1446 1681 iam
1470 1578 1554 1663 haec
1573 1576 1739 1691 &paene
1760 1578 1811 1663 ad
1833 1584 1939 1666 exi-v

393 1747 409 1769 -
520 1693 791 1809 rnnadduua
810 1694 972 1810 quaestio
990 1691 1056 1776 est
1085 1698 1314 1779 Auorron
1330 1697 1445 1802 Qu
1461 1691 1619 1777 tandem
1639 1692 1790 1799 modo?
1806 1698 1916 1781 Marr-⁴

519 1842 618 1900 cus.
647 1814 754 1936 Quia
772 1834 905 1896 motus
936 1803 1173 1912 turbulenti,
1197 1806 1496 1921 jablatione'sque
1510 1810 1733 1893 animorum
1756 1812 1917 1899 incitata

520 1928 563 2012 ὅ(
592 1918 742 2040 impetu
771 1921 1059 2011 inconsiderato
1088 1922 1219 2027 elatae,
1252 1921 1441 2009 rationem
1476 1928 1636 2008 ornnem
1666 1922 1916 2037 repellentes,

379 2122 385 2133 .
522 2044 612 2126 vita
633 2037 753 2125 beata
776 2038 917 2139 nullam
938 2062 1088 2150 partem
1113 2038 1347 2152 relinquunt.
1376 2040 1478 2157 Qis
1499 2036 1606 2123 enirn
1629 2039 1776 2151 potest,
1802 2070 1914 2127 mor.

522 2178 603 2242 tem
622 2164 689 2242 aut
708 2154 891 2241 dolorem
917 2176 1122 2256 metuens,
1144 2180 1320 2268 quorum
1348 2151 1508 2237 alterum
1541 2154 1636 2264 sape
1660 2150 1792 2259 adest,
1822 2154 1921 2241 alte-

522 2300 614 2361 rum
642 2272 789 2384 semper
811 2266 1032 2382 impendet,
1063 2270 1139 2369 effe
1162 2298 1245 2353 non
1271 2268 1408 2358 mistr?
1436 2267 1569 2386 Qid,
1590 2266 1744 2351 sridem
1774 2270 1922 2383 (quod

522 2378 755 2501 plerumque
780 2383 858 2497 fit)
881 2406 1175 2497 paupertatem,
1196 2382 1481 2511 ignominiam,
1511 2382 1714 2501 infamiam¹
1735 2388 1870 2471 timet:
1895 2386 1924 2473 li

522 2498 783 2605 debilitatem,
803 2504 1038 2587 cacitatemr
1062 2498 1090 2581 sr
1113 2496 1309 2614 denique,
1326 2496 1552 2613 *quo'd'n'o'n
1572 2498 1729 2611 smgulis
1752 2499 1924 2586 homini-

522 2614 629 2720 bus,
654 2614 719 2727 sed
739 2612 967 2731 potentibus
992 2606 1150 2726 populis
1174 2613 1272 2727 saepe
1301 2611 1519 2727 contingit,
1541 2614 1783 2701 servitutem:
1798 2616 1923 2729 potest

522 2760 569 2818 ea
595 2731 734 2817 timens
760 2732 836 2815 effe
863 2731 1069 2843 quisquam
1088 2726 1250 2821 beatus?
1271 2728 1409 2845 Qid,
1435 2733 1504 2842 qui
1523 2728 1757 2817 non'modb
1786 2757 1831 2815 ea
1857 2730 1924 2818 su-

522 2869 609 2935 tura
630 2850 766 2951 timet,
785 2840 926 2933 'verbm
953 2845 1069 2929 etiam
1093 2842 1164 2932 fert
1196 2844 1429 2958 sustinetque
1461 2847 1678 2957 prasentia?
1706 2842 1822 2931 Adde
1851 2874 1927 2933 eo-

523 2961 617 3048 dem
642 2961 753 3048 exilia
768 3023 783 3065 ,
798 2960 953 3071 ludius,
984 2956 1180 3044 orbitates.
1238 2959 1321 3077 Qui
1344 2958 1460 3059 rebus
1483 2957 1544 3045 his
1565 2960 1706 3045 bailus
1726 2958 1927 3076 agritudi-

520 3092 579 3161 ‘ne
603 3075 778 3181 eliditur,
803 3075 930 3190 potest
949 3072 1107 3159 tandem
1129 3074 1205 3186 elle
1233 3072 1315 3162 non
1340 3073 1594 3167 miserrimus?
1621 3075 1733 3191 Quid
1757 3081 1855 3164 verb
1881 3078 1927 3163 il·

527 3192 634 3296 lum,
669 3218 790 3307 quem
814 3184 1039 3275 lrbrdrmbus
1073 3191 1356 3275 inflammatum
1381 3190 1420 3273 &
1448 3189 1638 3275 furentem
1673 3187 1927 3300 videbimus,
2097 3276 2098 3289 Ν

528 3300 663 3393 omnia
686 3305 819 3393 rabide
840 3324 1091 3419 appetentem
1122 3333 1214 3397 cum
1246 3300 1467 3419 inexplebili
1489 3305 1726 3419 cupiditate,
1759 3314 1927 3422 quoque
1959 3356 1962 3361 ·
2097 3310 2098 3366 l

527 3416 753 3509 affluentius
779 3420 999 3535 voluptates
1022 3414 1201 3530 undique
1239 3422 1413 3521 hauriat,
1450 3424 1501 3507 eb
1524 3426 1680 3535 gravius
1710 3422 1927 3509 ardentius-

558 3565 610 3622 ue
637 3536 855 3640 fidentem,
883 3540 1017 3621 nonne
1049 3536 1151 3622 reete
1176 3537 1429 3623 miserrimum
1451 3533 1624 3629 dixeris?
1663 3537 1774 3659 Qid
1806 3540 1926 3627 elatus

527 3568 586 3737 ille
607 3654 791 3754 levitate,
812 3652 994 3762 inanique
1014 3646 1140 3737 latitii
1158 3651 1344 3737 exsultans
1365 3652 1404 3736 &
1427 3654 1572 3739 temeri
1595 3650 1781 3767 gestiens,
1793 3658 1926 3751 nonne

529 3771 639 3856 tantia
669 3768 868 3870 miserior,
893 3769 1046 3879 quantia
1070 3760 1139 3852 fibi
1164 3766 1318 3854 videtur
1343 3765 1519 3858 beatior?
1543 3772 1673 3883 Ergo,
1689 3792 1733 3855 ut
1753 3772 1794 3855 hi
1814 3770 1927 3855 mise-

532 3882 594 4010 ri,
614 3886 666 3998 fre
690 3887 827 3974 contra
849 3879 900 3967 illi
924 3880 1026 3970 beati
1038 3893 1052 3986 3
1076 3910 1180 3999 quos
1204 3880 1297 3969 nulli
1317 3904 1444 3969 metus
1462 3904 1627 3989 terrent,
1647 3882 1757 3972 nulla
1773 3892 1929 4009 agritu-

1748 4001 1922 4091 ¹dines

542 4215 593 4336 hp.
606 4175 652 4332 Ι2
677 4198 832 4293 Ωιρὲοηε]Ι
848 4200 882 4295 Is·
907 4216 1010 4259 aurum
1036 4198 1215 4297 Tolosanum
1229 4218 1234 4249 ¹
1249 4198 1344 4282 priore
1363 4200 1429 4263 loto
1441 4199 1573 4295 meminit
1586 4199 1724 4265 Valerius.
1747 4203 1826 4263 Eum
1835 4202 1929 4283 Smyr*

526 4279 1216 4444 ‘tlt“rallaltlffitllx‘ltitz
1249 4280 1926 4444 ltfflltlfrtlztlf⁰l¹⁰¹³⁸¹²¹⁰⁶⁰¹l

520 4374 650 4501 lustinus
680 4444 808 4501 XXXII.
825 4464 851 4521 3.
874 4444 948 4507 Vide
971 4444 1004 4505 lis
1029 4443 1215 4509 &Gellium
1292 4454 1318 4505 8.
1341 4455 1383 4508 M.
1394 4447 1524 4527 Aquilio]
1547 4448 1633 4510 Hunc
1649 4445 1849 4511 irMirhridare
1862 4454 1930 4509 coni

528 4522 583 4581 111.
605 4542 633 4591 9.
654 4520 686 4583 Si
704 4522 820 4586 Valerio
843 4524 976 4590 Maximo
998 4525 1067 4587 fides
1093 4526 1144 4589 lib.
1163 4530 1215 4593 Vl.
1249 4528 1353 4605 jedum
1367 4528 1396 4590 in
1413 4526 1527 4589 vincula
1541 4531 1653 4591 tradunt
1672 4530 1824 4591 Athenaeus
1832 4528 1882 4590 lib.
1893 4532 1927 4589 V.

515 4618 629 4679 ·cap.9.
643 4622 689 4681 13.
706 4608 735 4664 in
755 4608 989 4688 prb'iriranrrrrlis
999 4608 1122 4691 spirirum
1140 4611 1216 4691 depr-
1250 4608 1386 4687 epitome
1415 4609 1533 4671 liviana
1556 4610 1725 4673 LXXVIII.
1749 4612 1781 4673 ὃ(
1803 4608 1931 4675 Valerius

522 4683 577 4763 [ωε
592 4682 651 4743 dre.
670 4684 788 4749 Diverso
812 4706 911 4751 tamen
925 4691 1016 4753 modo
1039 4708 1104 4751 rem
1126 4709 1218 4751 narmt
1250 4690 1400 4755 Maximus
1416 4692 1695 4773 bb.lX.capr3.r.
1715 4690 1931 4753 Alhnmeu&
2092 4734 2093 4739 η

515 4762 648 4858 ,lib31V3
667 4782 767 4855 capy.
794 4788 821 4844 3.
850 4790 882 4831 ur
903 4770 995 4833 lorsau
1014 4771 1086 4866 aliua
1106 4774 1218 4843 abeo,
1251 4772 1358 4837 divam
1378 4768 1489 4853 prorsus
1506 4774 1614 4836 ratione
1633 4794 1715 4845 rem,
1735 4772 1868 4839 imodb
1885 4770 1934 4865 lo
2092 4740 2093 4832 l

531 4866 582 4926 qur
602 4848 740 4911 Crcerom
756 4866 948 4931 memorante,
967 4850 1052 4923 meru
1071 4874 1114 4929 rs,
1137 4856 1216 4935 euius
1254 4872 1305 4921 cur
1336 4856 1447 4939 inreger
1465 4854 1545 4935 ert,
1571 4876 1624 4921 uec
1645 4854 1798 4939 quiequam
1820 4853 1937 4926 defluxi
