4259 5592
292 530 296 537 -
396 496 404 509 ·
524 477 1306 596 utun-R'QnINTus,
1478 472 1664 605 ''2563‘

222 666 606 759 cunddni'nattuam
623 664 701 755 effe·
724 663 1072 769 diximus,'necne
1113 663 1186 774 sit,
1215 666 1266 755 ad
1287 669 1359 777 id,
1387 674 1503 791 quod
1528 675 1617 791 agi..-

215 813 314 873 mus
327 784 455 890 ,nhil
479 783 642 871 interest
670 785 711 868 si
729 786 834 870 enim
854 778 931 888 (ut
948 783 1045 889 mihi
1057 780 1222 891 ‚quidem
1235 783 1419 897 videtur)
1443 821 1529 879 non
1545 818 1617 879 ex-

211 900 304 1015 “plet
323 896 431 996 bona
455 920 597 985 nature
616 895 823 1010 voluptas,
849 894 930 1006 jure
955 898 1199 1007 ptaetermilsa
1218 898 1283 985 ell
1311 905 1378 985 Sin
1402 904 1456 986 est
1480 911 1521 990 in
1541 934 1616 1014 ea,

219 1013 341 1126 quod
368 1010 529 1129 quidam
556 1009 719 1115 volunt,
737 1010 832 1100 nibil
852 1004 1018 1123 impedit
1039 1013 1210 1121 nostiam
1234 1015 1334 1101 hanc
1356 1022 1618 1132 comprehen·
1655 1014 1659 1025 ’

216 1128 370 1222 {ionem
390 1126 528 1213 summi
552 1119 660 1213 boni.
690 1131 796 1326 ξ(ἷῖιιεε
825 1126 932 1212 enim
950 1126 1158 1214 constituta
1185 1128 1270 1235 sunt
1293 1134 1434 1242 prima,
1448 1156 1617 1241 nature,

218 1239 276 1335 ad
296 1268 343 1326 ea
367 1240 596 1355 stvoluptas
621 1269 691 1329 acc
743 1245 840 1347 erit,
872 1240 999 1330 unum
1025 1240 1188 1356 aliquod
1209 1245 1404 1333 accefferit
1431 1275 1617 1337 commo-

221 1356 324 1446 dum
345 1359 550 1470 corporis,
581 1382 713 1474 neque
734 1384 822 1446 eam
853 1355 1172 1445 constitutionem
1202 1356 1341 1445 summi
1370 1356 1497 1468 boni,
1525 1391 1616 1477 quae
1655 1438 1660 1445 .
1748 1464 1751 1471 ¹

195 1471 756 1588 sellptoposttmmutavetie
1127 1578 1131 1585 .
1410 1545 1412 1551 ,
1730 1487 1734 1495 “

279 1593 328 1706 lit
354 1584 488 1715 adhuc
511 1585 610 1701 quid
678 1588 745 1675 'ita
767 1588 885 1677 nobis
906 1592 1103 1705 progredi«
1122 1590 1331 1697 ratioest,
1355 1614 1401 1679 ut
1418 1619 1464 1677 ea
1490 1592 1684 1723 duce-s·

221 1730 329 1793 tetur
349 1724 479 1791 omms
495 1705 524 1789 'a
541 1707 668 1817 prima
686 1703 1034 1793 commendatione
1049 1728 1203 1793 nature.
1232 1712 1354 1794 Nunc
1368 1730 1499 1793 autem
1511 1707 1616 1795 aliud
1659 1672 1683 1821 l

219 1818 299 1932 jani
322 1817 618 1933 argumentandi
647 1821 851 1934 sequamur
872 1848 1024 1937 genus,
1047 1843 1093 1908 ut
1117 1850 1201 1909 non
1233 1820 1385 1927 solltm„
1414 1827 1508 1937 quia
1540 1854 1616 1911 nos
1668 1874 1675 1921 ;

219 1932 452 2050 diligantu,
475 1932 539 2019 sed
566 1936 659 2049 quia
678 1934 864 2053 cujusque
886 1940 1004 2051 partis
1026 1960 1169 2023 nature
1193 1937 1233 2023 δι
1257 1935 1299 2019 in
1321 1965 1491 2049 corpore
1509 1939 1617 2034 &in
1652 2000 1673 2035 ,-

218 2053 355 2135 animo
374 2047 439 2136 sua
464 2078 632 2165 quaque
657 2054 716 2138 vis
738 2052 818 2139 est:
843 2051 994 2138 idcirco
1014 2053 1057 2135 in
1083 2052 1150 2136 -his
1179 2050 1294 2163 rebus
1319 2052 1465 2137 summa
1487 2052 1617 2139 nostra
1669 2124 1675 2141 .

218 2161 360 2278 sponte
379 2190 621 2251 moveamur.
649 2170 782 2283 Atque
803 2188 850 2255 ut
863 2171 896 2254 ,d
920 2193 1091 2278 corpore
1113 2162 1265 2270 ordiar,
1287 2163 1470 2269 videsne,
1496 2188 1562 2269 ut,
1584 2166 1617 2249 st
1667 2213 1678 2261 ‚-

218 2279 364 2394 quain
383 2279 567 2364 membris
584 2308 741 2394 prava,
757 2304 824 2369 aut
843 2270 1060 2385 debilitata,
1082 2302 1151 2367 aut
1175 2282 1380 2367 imminuta
1413 2282 1486 2366 smt
1498 2342 1513 2384 ‚
1542 2308 1616 2395 oe·¹
1666 2350 1674 2361 .,

220 2393 368 2490 cultent
387 2396 589 2488 homines?
608 2417 654 2483 ut
680 2399 796 2483 etiun
830 2394 1072 2484 contendant
1095 2395 1135 2477 81
1157 2393 1383 2497 elaborent,
1410 2395 1438 2480 st
1463 2394 1618 2509 efficere
1675 2466 1681 2480 .

220 2509 386 2621 pollint,
421 2533 467 2596 ut
489 2530 557 2595 aut
580 2538 665 2596 non
693 2533 877 2625 apparent
901 2512 1081 2625 corporis
1104 2506 1270 2612 vitium,
1297 2530 1364 2594 aut
1389 2511 1517 2622 qulam·
1541 2507 1617 2593 mi-

220 2622 376 2722 nimum
394 2629 611 2737 appareat?
626 2625 846 2740 multosque
866 2624 983 2713 etiam
1003 2621 1161 2710 dolores
1175 2621 1385 2711 curationis
1398 2620 1515 2711 causi
1528 2650 1617 2733 pet·
1674 2674 1682 2721 -,

221 2741 377 2831 ferant?
399 2761 468 2844 ut,·
490 2740 525 2834 li,
542 2737 622 2852 ipse
643 2739 732 2827 usus
748 2736 1017 2831 membrorum
1032 2768 1116 2824 non
1140 2738 1266 2826 modo
1286 2768 1370 2825 non
1390 2737 1534 2843 maior,
1548 2766 1618 2853 ve-

221 2856 453 2952 rdm·fetiam
470 2852 607 2957 minor
625 2854 779 2941 futurus
802 2857 868 2961 fit,
891 2884 1031 2941 eomm
1052 2854 1343 2967 tamenspecies
1367 2851 1417 2967 ad
1442 2876 1628 2941 naturam·
1679 2940 1682 2945 .

214 2981 459 3063 'oevenaturl
487 2973 641 3055 Etenim
658 2974 753 3057 edm
778 2998 917 3057 omnes
937 2964 1073 3055 naturai
1092 2990 1200 3054 totos
1226 2968 1262 3051 se
1285 2967 1525 3081 expetendos
1539 2998 1618 3081 pu·
1642 3060 1646 3067 ,

222 3106 329 3188 tent3
354 3109 428 3190 nec
447 3080 490 3168 id
520 3078 576 3169 ob
606 3082 718 3170 aliam
741 3111 823 3170 rem
835 3148 850 3193 ,
873 3082 938 3169 sed
962 3112 1037 3197 pro
1068 3106 1124 3169 tet
1150 3082 1275 3196 ipsos:
1303 3084 1454 3169 necesse
1469 3083 1522 3166 est
1537 3084 1618 3194 ejus

218 3196 485 3313 etiameattes
504 3219 676 3312 ¹propter
698 3200 736 3285 st
757 3201 913 3313 expeti,
936 3226 1020 3310 quo
1066 3196 1286 3283 universum
1308 3220 1470 3309 propter
1491 3197 1528 3281 se
1547 3224 1617 3283 en-¹
1651 3250 1653 3255 ,
1675 3272 1679 3283 .

276 3333 390 3401 tatur.
501 3334 505 3341 ’
572 3401 579 3415 ,
789 3338 793 3346 ’
943 3331 947 3341 ’
1675 3375 1684 3415 3,

220 3342 422 3554 peQid?
448 3428 493 3513 in
517 3430 948 3518 momninstatuco
996 3428 1074 3517 oris
1088 3426 1326 3532 nihlneest,
1351 3426 1466 3541 quod
1489 3427 1617 3516 animss
1680 3520 1684 3526 ,

217 3540 511 3633 advertendum
543 3544 620 3630 elle
654 3544 734 3659 ipsa
760 3567 895 3631 natura
914 3458 1104 3657 judcetl
1149 3540 1502 3662 Quemadmodum
1528 3545 1617 3660 quis
1660 3628 1687 3641 ,,

211 3656 394 3769 ambulet
406 3721 420 3764 ‚
447 3658 604 3764 sedeat,
629 3663 701 3774 qui
720 3657 862 3749 duetus
884 3664 993 3763 oria,
1028 3662 1098 3773 qui
1127 3658 1256 3743 vultus
1280 3660 1322 3743 in
1351 3688 1517 3774 quoque
1539 3662 1617 3746 nt:

210 3775 366 3862 nihilne
391 3772 446 3858 est
471 3778 512 3858 in
538 3774 598 3859 his
618 3772 760 3878 rebus,
778 3772 894 3886 quod
916 3772 1083 3887 dignum
1101 3768 1225 3859 libero
1244 3797 1311 3861 aut
1320 3771 1530 3886 indignum
1544 3774 1621 3859 effe

208 3891 446 3980 ducamus?
474 3893 624 3991 Nonne
648 3886 747 3975 odio
769 3886 920 4006 dignos,
943 3886 1087 3978 multos
1108 3911 1317 4001 putamus,
1345 3894 1414 4002 qui
1442 3888 1622 4000 quodam

205 4005 341 4093 motu
363 4021 431 4089 aut
454 4002 557 4089 statu
569 3998 750 4089 vidennu
774 4027 917 4114 natutae
935 4002 1061 4117 legem
1086 4003 1125 4089 &
1144 4001 1311 4089 modum
1328 4003 1621 4115 contempstlsel

201 4126 299 4226 Et,
329 4115 525 4234 quoniam*
546 4119 629 4204 haec
653 4114 852 4203 ducuntur
870 4117 924 4203 de
944 4145 1138 4233 corpore,
1164 4114 1354 4233 quidest,
1376 4143 1445 4201 cut
1459 4143 1543 4201 non
1557 4142 1621 4201 re-

144 4312 153 4327 „
198 4237 288 4325 &e
308 4229 571 4346 ptichritudo,
585 4237 702 4318 etiam
726 4231 807 4345 ipsa
827 4234 1039 4349 propterse
1060 4230 1281 4345 expetenda
1295 4229 1496 4319 ducatur?
1508 4231 1619 4317 Nam

196 4353 238 4437 fi
272 4346 511 4463 pravitatem
525 4346 921 4461 imminutionemque
947 4350 1126 4462 corporis
1146 4366 1308 4460 propter¹
1329 4344 1620 4459 sefugiendam
1658 4462 1660 4467 Ι

328 4455 451 4549 ‘Tm
478 4461 543 4580 Ii.
825 4551 829 4558 .
1058 4459 1124 4546 Ll
1500 4484 1617 4573 puta·
1778 4514 1782 4523 ,

82 4674 87 4679 ,
211 4627 1618 4681 ⁴,
413 4642 419 4651 '
448 4641 452 4649 ’
475 4638 480 4647 “
1184 4634 1189 4649 ⁸
1655 4657 1658 4672 l

128 4713 133 4719 ·
189 4724 276 4787 „tm
294 4713 711 4795 musmonem
732 4712 910 4792 ponat-,n
942 4708 1173 4790 numquam
1200 4705 1306 4777 neu,
1325 4708 1432 4769 vonis
1451 4703 1527 4785 nai
1540 4716 1621 4777 taen

255 4902 308 4955 01
352 4954 356 4959 .
403 4955 442 4961 ,„
469 4903 488 4957 J
531 4899 571 4963 ΡΟ
633 4918 644 4953 t
766 4950 776 4954 ,
1159 4907 1162 4911 ’
1221 4936 1229 4945 -
