4259 5592
564 469 619 551 ἰδ
876 438 1047 546 ΜΤ.
1106 439 1648 549 CICERONIS

562 642 669 760 prilis
690 639 848 758 potestis'
867 639 987 724 totius
1013 665 1155 725 eorum
1178 640 1336 726 rationis
1361 640 1468 755 quasi
1501 639 1756 727 fundamenta
1790 671 1949 762 cogno.

565 759 675 847 foere.
703 765 970 864 Compoiiunt
996 751 1115 866 igitur
1125 754 1299 868 primum
1322 777 1443 841 artem
1466 754 1667 866 quandam
1690 756 1742 841 de
1763 759 1844 864 hit,
1860 795 1949 877 quae

563 875 641 960 visa
661 871 845 957 dicimus:
858 869 1133 981 eorumque&
1152 873 1233 954 vim
1252 869 1292 954 8(
1311 894 1451 982 genera
1461 866 1675 955 definiunt:
1694 875 1735 956 in
1750 874 1835 977 his,
1877 907 1949 965 ua.

564 987 598 1071 le
627 989 669 1071 sit
689 984 756 1085 id,
778 981 893 1096 quod
919 982 1066 1094 percipi
1088 982 1128 1067 &
1150 981 1432 1096 comprehendi
1454 983 1586 1095 possit:
1609 982 1775 1070 totidem
1797 906 1947 1096 vellis,

567 1121 666 1212 quot
686 1095 817 1183 Stoici.
847 1094 1002 1180 Deinde
1029 1093 1090 1180 illa
1109 1119 1315 1206 exponunt
1332 1095 1446 1200 duo,
1478 1125 1566 1208 quae
1593 1099 1701 1211 quasi
1726 1106 1949 1191 contineant

504 1313 505 1318 p
565 1235 726 1298 'omnem
749 1213 850 1295 hanc
893 1207 1137 1295 uaellionem:
1159 1238 1245 1322 quae
1261 1214 1313 1297 ita
1334 1209 1561 1314 videantur,
1576 1235 1620 1294 ut
1633 1217 1749 1298 etiam
1763 1215 1832 1299 alia
1849 1220 1950 1304 mul·

565 1347 605 1412 ta
624 1325 769 1412 eodem
794 1239 922 1408 modo
943 1322 1065 1410 videri
1088 1323 1250 1451 possint,
1272 1349 1345 1410 nec
1371 1323 1413 1408 in
1444 1324 1504 1410 hii
1522 1323 1749 1453 'quidquam
1787 1333 1950 1439 intersit,¹

567 1457 653 1526 non
675 1439 787 1554 polle
812 1463 950 1523 eorum
971 1437 1041 1523 alia
1067 1441 1237 1550 percipi,
1259 1437 1330 1523 alia
1355 1468 1438 1525 noii
1459 1443 1637 1552 percipi:
1661 1441 1755 1525 nihil
1779 1447 1952 1533 interesse

566 1575 695 1639 autem
717 1616 730 1657 ,
756 1581 840 1638 non
864 1549 991 1638 modo
1020 1551 1049 1635 si
1074 1578 1124 1635 ex
1146 1549 1258 1638 omni
1288 1575 1395 1665 parte
1414 1551 1583 1661 ejusdem
1610 1553 1723 1640 modi
1754 1559 1849 1663 snit,
1886 1562 1950 1646 sed

566 1671 680 1753 etiam
705 1663 910 1752 sidiscenii
932 1695 1016 1750 non
1040 1667 1198 1778 possint
1226 1663 1383 1787 Quibus
1410 1667 1564 1778 positis,
1588 1668 1706 1752 unius
1737 1678 1951 1785 argturiciiti

567 1782 817 1868 conclusione
835 1801 917 1865 tota
940 1776 988 1863 ab
1008 1781 1066 1862 his
1095 1778 1208 1864 caula
1229 1778 1584 1892 comprehenditur.
1613 1786 1843 1897 Composita
1879 1815 1952 1875 au-

567 1919 646 1981 tem
676 1924 722 1980 ea
741 1893 939 1980 conclusio
964 1893 1016 1976 fic
1036 1892 1118 1978 est:
1142 1897 1311 1996 Eorum,
1326 1920 1415 2007 qua
1431 1892 1632 1998 videntur,
1654 1895 1723 1980 alia
1742 1926 1831 1984 vera
1849 1902 1948 2007 sunt,

567 2009 638 2095 alia
655 2009 759 2094 uisa:
784 2004 953 2135 &quod
978 2004 1110 2091 falsum
1135 2006 1213 2107 cst,
1238 2006 1281 2091 id
1302 2009 1448 2204 perc‘ipi
1474 2037 1558 2095 non
1576 2011 1724 2119 poteslt
1742 2012 1855 2125 quod
1878 2043 1952 2099 au-

567 2141 648 2207 tem
665 2149 803 2209 verum
829 2119 954 2206 visum
973 2118 1055 2222 cll,
1081 2118 1124 2203 id
1143 2147 1262 2204 omne
1284 2120 1357 2204 tale
1449 2143 1533 2223 ,ut
1550 2120 1717 2230 ejusdem
1745 2125 1857 2212 modi
1878 2127 1951 2214 fal-

566 2237 652 2322 sum
675 2240 790 2322 etiam
809 2235 922 2348 possit
942 2231 1076 2318 videri.
1115 2237 1162 2317 Et
1183 2295 1198 2336 ‚
1229 2261 1319 2347 quae
1343 2232 1421 2319 visa
1442 2233 1527 2319 sunt
1548 2234 1755 2346 ejusmodi,
1779 2245 1883 2326 utin
1905 2247 1952 2328 iis

569 2349 663 2435 nihil
686 2349 824 2435 intersit
841 2411 854 2450 ,
874 2376 959 2433 uon
983 2347 1111 2456 potell
1132 2345 1333 2449 accidere,
1355 2370 1567 2434 uteorum
1590 2349 1660 2437 alia
1684 2357 1831 2466 percipi
1857 2358 1951 2465 pos-

569 2465 667 2567 sint,
687 2463 760 2549 alia
784 2491 867 2548 non
895 2461 1045 2573 possint.
1074 2458 1235 2544 Nullum
1259 2459 1451 2573 igiturest
1481 2461 1632 2568 visum,
1661 2465 1774 2580 quod
1803 2467 1953 2580 percipi

569 2577 693 2688 possit.
722 2583 824 2681 Quae
844 2598 973 2660 autem
996 2570 1176 2677 sumunt,
1196 2597 1240 2659 ut
1262 2571 1498 2660 concludant
1523 2574 1564 2659 id
1588 2578 1702 2689 quod
1720 2579 1881 2668 volunt:
1902 2609 1953 2668 eir

569 2692 628 2775 his
651 2689 735 2776 duo
762 2687 830 2775 libi
852 2709 990 2802 putant
1020 2684 1188 2774 concedi
1211 2718 1221 2774 :
1249 2692 1501 2800 nequeenim
1525 2690 1728 2804 quisquam
1751 2719 1953 2806 repugnat.

570 2807 625 2888 Ea
647 2806 730 2890 sunt
755 2805 859 2888 hacc:
882 2807 979 2913 Qqae
995 2802 1079 2904 visa
1087 2797 1198 2909 fhlsa
1206 2805 1287 2912 stnt
1298 2864 1311 2905 ‚
1341 2831 1388 2882 ea
1401 2802 1537 2912 percpi
1556 2835 1626 2885 non
1646 2806 1760 2915 post:
1791 2808 1832 2892 &
1852 2809 1953 2894 alte.

570 2945 678 3019 ium,
694 2919 798 3002 Inter
814 2915 986 3031 quievisti
1009 2915 1109 2997 nibil
1125 2915 1292 3027 interfit,
1310 2943 1358 2998 ex
1378 2917 1438 2998 his
1460 2947 1531 2998 non
1539 2917 1630 3029 poffl·
1654 2919 1741 3001 alia
1758 2921 1857 3004 talia
1874 2925 1954 3033 effe,-

569 3053 620 3112 ut
637 3031 772 3142 percipi
784 3037 935 3142 poffint,
954 3030 1035 3110 alia
1056 3051 1104 3110 ut
1123 3059 1195 3110 non
1204 3035 1339 3141 poffint.
1777 3063 1780 3066 ’

627 3141 783 3258 Reliqua
807 3145 902 3229 verri
924 3140 1102 3228 multi&
1143 3141 1247 3229 varii
1271 3144 1449 3228 oratione
1472 3141 1699 3233 defendunt.
1739 3153 1846 3262 Qum
1866 3149 1958 3238 siint

570 3259 663 3343 item
683 3257 793 3344 duo:
819 3286 972 3359 urium,
995 3259 1167 3360 Eortuii,
1187 3285 1273 3370 qua
1295 3252 1520 3362 videantur,
1538 3259 1612 3346 alia
1638 3288 1734 3347 vera
1752 3265 1853 3368 eise,
1877 3266 1955 3353 alia

570 3368 680 3459 falsa:
706 3372 892 3475 alterum,
912 3375 1045 3456 Omne
1065 3367 1218 3470 visum,
1245 3367 1358 3482 quod
1385 3371 1472 3456 litai
1494 3399 1589 3460 vero
1602 3437 1616 3479 ,
1631 3375 1704 3460 tale
1725 3378 1825 3481 esse,
1851 3409 1958 3493 qua-

570 3481 604 3570 le
629 3491 745 3572 etiam
767 3489 791 3570 i
812 3483 904 3570 falso
920 3483 1035 3596 possit
1053 3481 1141 3566 elle.
1174 3487 1269 3567 llaec
1289 3480 1377 3570 duo
1403 3487 1603 3598 proposita
1626 3519 1710 3574 non
1737 3517 1958 3603 praetervo-

568 3601 668 3704 lant,
694 3599 759 3683 sed
775 3600 828 3684 iia
848 3597 1030 3698 dilatant,
1055 3617 1101 3680 ut
1127 3623 1211 3680 non
1236 3597 1475 3682 mediocrem
1506 3628 1639 3687 curam
1667 3602 1878 3692 adhibeant
1913 3609 1960 3694 dr

570 3713 816 3828 diligentiam.
845 3708 1037 3796 Dividunt
1049 3710 1173 3844 'enim’
1185 3712 1226 3794 in
1247 3734 1401 3821 partes,
1433 3710 1472 3795 &
1494 3739 1559 3798 eas
1579 3715 1741 3830 quidem
1762 3749 1960 3833 magnast

568 3820 1682 4049 iiiiiiioieiiriiiiiiiiiiiuiieiidiirrdiciiiild
1697 3831 1961 4059 iiibpuirv}

567 4056 680 4140 niunt
699 4053 856 4140 adeam
879 4073 1053 4164 partem,
1079 4073 1122 4134 ut
1145 4075 1196 4133 ne
1220 4049 1373 4138 ratione*
1394 4051 1555 4165 quidem
1580 4058 1621 4141 δι
1642 4058 1862 4169 conjectura
1876 4061 1965 4147 ulla

571 4195 629 4252 res
653 4166 803 4281 percipi
826 4167 949 4279 possit.

626 4288 728 4369 Haec.
748 4303 884 4368 autem
893 4277 1066 4365 universa
1089 4275 1304 4367 concidimt
1328 4282 1442 4366 etiam
1466 4276 1668 4369 minutiirs.
1690 4289 1742 4374 Ut
1772 4287 1876 4375 euim
1898 4291 1964 4378 de

1864 4403 1964 4493 sren-

612 4639 660 4695 45·
670 4627 760 4704 Qum
778 4623 904 4698 obseruari
917 4623 1034 4694 volunt]
1056 4617 1238 4681 Hioclefflo·
1276 4639 1360 4697 queo.
1379 4620 1485 4684 Si'aliis
1501 4621 1579 4684 idem
1605 4626 1751 4708 contingat
1768 4650 1778 4698 3
1797 4627 1891 4705 legant
1905 4624 1968 4685 iiii

571 4721 639 4764 irem
655 4700 828 4781 pertinaciter
846 4699 979 4759 exhibent
994 4701 1081 4764 nostri
1099 4723 1110 4770 3
1129 4720 1181 4760 nec
1198 4717 1238 4758 ta-
1278 4721 1410 4778 mecum,
1430 4725 1487 4787 qua
1518 4705 1650 4784 obseruare
1668 4711 1771 4769 volunt.
1783 4724 1786 4728 ⁴
1800 4705 1967 4772 Nimirum'

570 4803 639 4848 ium
653 4803 738 4850 eirca
759 4779 868 4863 sensum
875 4779 1238 4884 commodumexseulgere.
1277 4780 1431 4886 stamthant
1447 4785 1630 4870 Academici,
1653 4788 1743 4854 tenus
1760 4789 1928 4886 reliquique
1947 4789 1967 4862 ‚j

929 4885 935 4896 “
1260 4895 1263 4902 “
1511 4901 1520 4910 “
1570 4900 1575 4909 ·
1681 4903 1685 4908 ·
1890 4889 1977 4948 (Lug
