4259 5592
499 474 1228 575 ernenrntmus
1491 518 1572 601 ,n

166 692 237 759 aut
259 670 338 759 sata
360 677 432 773 aut
449 690 633 757 concreta
650 666 807 779 videntr
824 687 930 755 tanta
961 664 1022 752 vis
1047 672 1273 758 memorie?
1297 664 1370 775 Si,
1400 668 1498 782 quid
1523 673 1570 761 srt

165 792 273 894 hoc,
288 812 375 873 non
385 782 497 872 vides
508 818 522 873 r
535 807 602 891 at,
620 786 734 901 quale
750 783 953 890 fit,vides.
978 785 1079 869 Sine
1093 783 1136 869 id
1151 783 1314 901 quidem
1329 815 1341 870 r
1355 804 1415 889 at,
1433 816 1563 903 quan-

162 904 337 1007 sumsit,
352 900 533 1015 profesio
556 899 676 989 vides.
717 898 829 1020 Quid
852 906 1000 1017 igitur?
1028 906 1164 987 utrum
1199 904 1452 1019 capacitatem
1491 904 1575 993 alia·

159 1047 287 1133 quam
313 1018 356 1101 in
380 1021 515 1103 animo
538 1039 723 1131 putamus
740 1016 841 1123 esse,
864 1022 949 1134 qub
965 1038 1155 1131 tanquam
1177 1020 1218 1102 in
1237 1015 1403 1132 aliquod
1420 1048 1485 1105 vas
1499 1047 1562 1125 ea,

190 1161 254 1217 uae
278 1132 551 1236 meminimus,
564 1130 843 1227 infundantur?
859 1130 1079 1222 Absurdum
1100 1134 1143 1221 id
1169 1132 1356 1249 quidemr
1373 1136 1443 1247 qui
1458 1138 1566 1222 enim

158 1162 339 1353 landus,
364 1268 432 1333 aut
453 1276 539 1360 quae
557 1246 640 1335 talis
665 1248 784 1335 animi
802 1247 929 1365 sigura
939 1248 1095 1363 intelligi
1112 1249 1243 1363 potest
1252 1252 1277 1333 Z
1297 1271 1365 1334 aut
1381 1277 1468 1362 qua
1481 1268 1574 1336 tan-‘

157 1382 200 1448 ra
222 1368 391 1451 omnino
415 1368 648 1477 capacitas?
669 1372 732 1451 An
750 1369 925 1479 imprimi
953 1365 1060 1479 quast
1086 1392 1213 1453 ceram
1242 1368 1420 1451 animum
1450 1390 1567 1478 puta·-

159 1506 278 1583 mus,
298 1479 341 1563 bt
359 1478 594 1566 memoriam
620 1480 696 1565 esse
728 1482 960 1595 signatarum
988 1508 1119 1567 rerum
1142 1486 1183 1569 in
1216 1505 1347 1568 mente
1379 1480 1566 1595 vestigia?

160 1600 265 1719 Qae
287 1596 449 1708 possunt
460 1594 804 1713 verborumque
828 1626 955 1686 rerum
969 1595 1138 1710 ipsarum
1160 1597 1406 1711 esievelligia
1425 1608 1438 1689 ἓ
1459 1602 1563 1704 Que

160 1711 289 1861 porro
308 1733 389 1890 tpm
407 1712 594 1797 immenss
613 1712 875 1827 magnitudo,
899 1712 1057 1830 quaeilla
1075 1736 1157 1801 tam
1179 1710 1299 1800 multa
1315 1710 1432 1826 poffrt
1445 1712 1565 1798 effin-

160 1844 258 1935 gere
291 1830 332 1915 ⁰.
567 1886 570 1891 -
818 1884 822 1892 -

221 1938 332 2059 Qud
346 1940 381 1977 ⁶¹
394 1938 454 2025 illa
471 1946 551 2046 vis,
566 1970 656 2057 quar
675 1942 836 2029 tandem
859 1944 935 2050 est,
949 1974 1040 2060 quae
1057 1946 1258 2057 investigat
1275 1942 1453 2044 ooculta,
1471 1971 1566 2055 quae

159 2054 341 2142 inventio
362 2077 480 2171 atque
503 2083 605 2143 exco
635 2062 743 2145 itatio
762 2058 934 2152 dicitur?
964 2064 1021 2143 Ex
1040 2062 1167 2145 hacne
1187 2056 1260 2144 tibi
1282 2054 1431 2142 terrens
1449 2084 1563 2141 mor-

157 2165 300 2283 talique
325 2168 461 2256 natur‘lt
485 2172 526 2256 8(
546 2089 697 2257 carlum
716 2197 901 2259 concreta
924 2200 971 2259 ea
996 2170 1188 2258 videtur?
1208 2191 1275 2258 aut
1301 2166 1371 2281 qui
1396 2169 1560 2282 primus,
1581 2201 1584 2207 ·

156 2283 277 2393 quod
304 2284 460 2370 summe
479 2286 670 2399 sapientiae
697 2290 929 2401 Pythagora
951 2286 1076 2375 visum
1119 2289 1171 2371 est
1183 2350 1197 2391 ,
1231 2278 1416 2373 omnibus
1444 2284 1564 2369 rebus

157 2396 349 2513 imposuit
368 2398 553 2494 nomina?
579 2425 648 2487 aut
675 2406 745 2517 qui
782 2401 979 2517 disirpatos
1001 2400 1184 2487 homines
1207 2402 1486 2514 congregavit,
1504 2398 1561 2485 ἃ

155 2510 213 2597 ad
234 2513 453 2601 societatem
480 2520 567 2603 virae
593 2522 859 2608 convocavit?
885 2540 954 2603 aut
980 2520 1049 2630 qui
1082 2516 1201 2604 sonos
1226 2515 1360 2620 vocis,
1377 2517 1447 2630 qui
1465 2511 1558 2599 infi-

156 2626 231 2714 niti
250 2627 503 2736 videbantur,
529 2636 665 2747 paucis
688 2631 883 2729 literarum
905 2636 1008 2718 notis
1035 2630 1282 2727 terminavit?
1304 2650 1372 2717 aut
1402 2627 1473 2745 qui
1498 2657 1566 2715 et-

156 2749 327 2831 rantium
347 2744 535 2833 stellarum
558 2748 715 2854 cursus,
742 2748 1023 2863 progressiones
1039 2743 1092 2852 ⁶²,
1110 2748 1367 2833 institutiones
1383 2748 1556 2835 notavit?

1413 2864 1564 2947 Omnes

154 3120 210 3182 que
222 3099 319 3163 naurs
329 3124 460 3167 ooneren
472 3107 647 3168 eavidrrur?
665 3126 713 3169 nrt
729 3112 775 3189 qur·
781 3113 837 3189 prs
874 3104 997 3168 solemni
1009 3104 1131 3167 audacie
1142 3122 1292 3183 acceptum
1304 3102 1453 3165 referimus
1469 3120 1478 3157 r
1493 3100 1565 3163 sitm

153 3204 220 3243 mter
238 3182 329 3267 (qnod
345 3187 458 3265 suanm
471 3187 603 3269 sapiencia
624 3190 774 3269 Pythagorae
791 3193 836 3249 vi-
872 3188 953 3250 enim
971 3187 1135 3267 precesserat
1158 3192 1277 3248 inomao
1299 3204 1376 3267 arque
1393 3187 1567 3277 excogitatio,

144 3262 213 3341 firm
231 3266 287 3345 ess)
310 3269 432 3329 omnbrrr
455 3269 532 3329 rebus
558 3269 675 3353 imposuit
705 3272 838 3332 nomina?
871 3268 964 3331 statim
977 3268 1007 3328 hi
1023 3270 1054 3326 ri
1075 3288 1207 3329 rannerus
1224 3272 1247 3327 r's
1263 3287 1299 3327 ne
1315 3264 1436 3328 latinum
1445 3266 1562 3344 quadem

152 3364 204 3405 arr
221 3352 269 3428 φα·
283 3348 408 3434 dr'ffpm
419 3351 534 3409 honines
544 3357 727 3431 congregavit,
750 3349 787 3415 ῥ’
801 3354 837 3411 ad
868 3350 920 3412 esl'e
938 3349 1079 3419 arbitrati,
1103 3366 1297 3427 permutarunt
1327 3347 1561 3418 terminationes,

145 3426 301 3505 Joeierarem
326 3436 390 3490 virae
412 3436 568 3491 convmavir
587 3434 602 3493 ,ἲ
621 3451 668 3493 arn
689 3436 736 3514 qni
757 3432 836 3511 sonos
869 3449 900 3491 ut
917 3434 1023 3493 eodem
1040 3449 1145 3511 genere
1161 3429 1330 3508 adjeslivum
1349 3449 1417 3490 cum
1432 3427 1558 3490 substan-

154 3515 235 3569 vocis
250 3510 338 3583 ben]
361 3511 440 3573 Scire
463 3510 597 3590 equidem
620 3532 657 3574 ex
681 3532 712 3575 te
728 3513 835 3584 velim,
868 3512 1150 3591 tivo‚utpunbant,
1167 3510 1257 3572 amice
1275 3513 1555 3573 concordareth·

150 3589 212 3667 qu&
232 3590 388 3653 reseranmr
409 3591 461 3653 illa
481 3593 563 3655 toties
591 3593 640 3655 hic
654 3594 771 3673 repetita
790 3614 835 3655 aar
868 3611 984 3655 ruerus.
1006 3597 1130 3653 manna
1148 3593 1275 3665 πεδία]
1297 3594 1339 3652 Ira
1356 3612 1457 3654 omnes
1476 3591 1552 3653 corli-

128 3676 202 3751 ’με’
222 3696 231 3729 s
252 3674 412 3736 nonenim
427 3672 659 3753 videoquorsum
672 3677 835 3755 pertineant,
867 3694 912 3733 ces
934 3672 1025 3753 scripti
1048 3674 1081 3735 ὅ(
1105 3674 1226 3755 impresli
1245 3697 1254 3737 t
1275 3694 1327 3753 pro
1350 3696 1405 3753 qua
1428 3672 1551 3734 lenione

147 3772 248 3831 neque
261 3755 358 3818 ullum
368 3754 477 3818 eximm
491 3756 624 3818 orationis
640 3756 766 3819 invenio.
777 3760 836 3819 Tot
868 3755 1012 3817 Bentleius
1026 3756 1149 3835 reposuit
1160 3777 1290 3818 coamens
1311 3761 1334 3816 is
1356 3758 1479 3822 viderur,
1502 3772 1550 3813 aur

148 3852 228 3915 ergo
240 3855 340 3898 rerum
363 3837 539 3909 inventores,
557 3860 628 3919 quos
649 3840 698 3900 hic
715 3860 834 3901 enume-
866 3841 912 3918 qus·
924 3842 1027 3932 primus
1043 3839 1100 3900 &n
1117 3837 1182 3918 quia
1200 3836 1328 3908 nesciuit,
1350 3831 1551 3927 q'ubteferren·

145 3934 216 3988 nt,
235 3919 410 3993 nominum,
427 3920 576 3982 literarum
588 3963 598 3993 ,
637 3920 833 3991 astronomiae,
867 3936 912 3979 tur
930 3919 980 3980 rlla
1002 3920 1085 3983 toties
1109 3918 1337 3999 insequentibus
1360 3934 1474 3993 repetita
1503 3934 1549 3974 aur

143 3994 293 4080 hugum,
311 3999 450 4074 vellium,
469 4002 629 4074 todorum,
647 4002 715 4082 quid
734 4000 746 4063 l
764 4001 834 4082 quid
866 4006 921 4081 qui.
950 4006 989 4061 At
1012 4002 1084 4062 mihi
1106 4002 1156 4062 itta
1178 4000 1375 4063 emendatione
1395 4016 1466 4074 opus
1487 4014 1547 4055 non

143 4097 259 4161 egunt,
275 4080 401 4160 velquirl
415 4081 479 4145 sunt
498 4082 643 4164 demque?
657 4082 729 4145 nihil
740 4082 834 4146 omni·
865 4082 917 4143 esse
938 4081 1049 4146 videtur
1059 4124 1068 4155 ,
1094 4084 1114 4145 si
1132 4083 1277 4143 siclorum
1295 4081 1546 4159 interpungnmus,

142 4182 190 4223 no
214 4184 225 4231 5
245 4164 412 4241 mquidem
429 4164 569 4227 hiclocus
589 4166 678 4247 vulgis
699 4186 775 4227 nunc
791 4166 832 4226 le-
866 4168 908 4223 Ee
926 4166 1007 4225 haene
1025 4168 1070 4227 tibi
1094 4160 1196 4227 terrenti
1213 4162 1367 4253 mortalique
1393 4156 1489 4219 naturai
1510 4155 1548 4221 ὸ·

140 4243 298 4387 {suusne}
298 4266 343 4387 ¹21,
336 4246 406 4343 γετὸ
432 4246 490 4309 fine
508 4247 684 4391 dubitatione
705 4267 812 4327 repone
823 4268 836 4317 ς.
864 4244 962 4341 salusti
971 4266 1092 4408 >coneptu
1112 4266 1144 4373 ea²
1160 4244 1217 4322 (sc.
1228 4244 1354 4339 inventio
1366 4258 1549 4381 atqgecerrsx

342 4346 468 4389 rrerrrna
489 4350 556 4390 marr
585 4333 595 4353 ‘
629 4344 831 4392 e'rraruracon-
885 4347 964 4389 trano
1004 4333 1110 4388 vietur
1130 4376 1136 4387 .
1165 4346 1212 4387 aur
1254 4347 1280 4385 ur
1328 4344 1396 4382 rmus
1462 4366 1468 4381 .

138 4426 246 4468 eretur
267 4405 432 4483 evitem,
453 4429 501 4470 ater
515 4416 561 4492 qni
572 4351 726 4496 plimon..
747 4417 831 4473 omni·
864 4348 931 4471 ficet
946 4410 1005 4469 haec
1028 4340 1330 4487 compendioseqditll
1357 4403 1408 4464 esse
1427 4400 1549 4471 censeo,

137 4490 198 4549 bur
215 4489 296 4549 rebar
309 4489 426 4573 impofiair
436 4495 564 4560 maenas
585 4499 688 4574 are-qua
698 4495 755 4554 &n
767 4496 832 4557 Hoc
863 4492 935 4554 cum
944 4489 1030 4553 fusim
1047 4491 1150 4553 Cicero
1173 4489 1209 4551 sic
1228 4487 1320 4549 dicere
1341 4481 1483 4565 potuisset,
1499 4500 1546 4541 Μ

132 4568 184 4631 est
207 4589 221 4639 3
241 4568 354 4631 nihilne
373 4570 507 4635 divinitus
536 4574 652 4646 habuit,
670 4574 744 4635 nihil
758 4596 830 4637 arrrae
863 4596 895 4634 ex
910 4569 956 4632 tlte
976 4569 1072 4632 naemei
1090 4591 1220 4632 concretus
1240 4576 1264 4631 is
1284 4570 1407 4639 viderur,
1426 4568 1472 4647 qui
1486 4568 1544 4647 pri-

133 4649 286 4723 arcto,
305 4652 379 4712 nihil
396 4652 470 4735 ignis
493 4656 599 4717 aetherii
616 4654 629 4716 s
648 4654 733 4718 Nosti
756 4654 832 4719 illud
865 4676 928 4715 mus
946 4653 1002 4715 &o
1023 4655 1182 4714 Putemus.

134 4731 284 4797 Lucretii
303 4736 341 4796 de
353 4735 550 4815 Empedocles
907 4748 955 4797 62.
976 4733 1160 4816 Progreffrones
1176 4773 1184 4804 ‚
1204 4728 1389 4793 institutiones
1405 4734 1417 4799 ]
1441 4726 1549 4819 institio-

210 4819 248 4876 Ur
257 4820 309 4876 vix
322 4818 426 4878 mortali
438 4820 562 4879 videntur
575 4829 676 4899 corpore
686 4835 779 4878 πεπυ.
865 4838 911 4878 nes
935 4836 1077 4897 reponunt
1103 4816 1267 4885 Manutius,
1288 4809 1464 4880 Lambinus,
1480 4809 1527 4867 alu
1536 4844 1556 4877 ,-

130 4894 300 4971 cmlv
322 4914 383 4961 tam
395 4916 479 4981 turpe
495 4900 636 4964 mendum
652 4894 834 4963 librariorum
865 4917 935 4977 nes,
946 4916 980 4964 ut
996 4897 1124 4974 ridenu,
1136 4898 1282 4963 immerirb
1304 4917 1312 4957 ε
1334 4894 1400 4955 licet
1410 4890 1557 5029 enimdipp.¹
