4259 5592
424 398 1275 566 araansrcunnus
1467 510 1542 593 ,ῃ

156 654 266 747 nullo
289 656 364 741 ne'c
383 650 578 769 prasenti,
597 682 670 742 nec
683 653 818 749 futtuo
836 646 1003 744 dolore:
1024 680 1074 739 ex
1088 658 1203 746 astera
1221 654 1373 764 autem,
1391 667 1543 749 crucia-

155 774 262 891 tibus
284 768 483 879 maximis,
501 794 592 858 toto
616 795 810 883 corpore,
833 768 935 855 nulla
966 795 1040 856 nec
1062 771 1242 877 adiraffla
1253 837 1268 879 ,
1294 800 1367 859 nec
1399 778 1544 888 sperata

155 888 254 975 volu
282 904 385 971 tate:
413 884 453 971 &
475 880 696 997 quaerebas,
729 884 818 994 quis
839 908 906 971 aut
926 887 1008 969 hoc
1030 887 1230 993 nriserior,
1254 911 1322 974 aut
1348 887 1545 1001 superiore

153 1000 223 1089 illo
251 914 400 1085 beatior
427 999 563 1088 foret?
590 995 734 1083 deinde
758 994 1048 1101 concludebas,
1072 998 1269 1089 summum
1293 1003 1439 1088 mdum
1470 1004 1546 1091 esse

155 1114 370 1217 dolorem,
394 1110 587 1199 summum
605 1112 760 1199 bonum
783 1113 1060 1227 voluptatem?

215 1232 386 1316 Thorius
406 1226 542 1313 balbus
552 1230 591 1273 ⁴⁴
603 1228 702 1332 sirit,
725 1230 974 1330 ianuvinus3
1005 1242 1127 1343 quem
1151 1228 1364 1314 meminisse
1390 1248 1437 1313 tu
1462 1238 1618 1361 non}

153 1361 284 1459 potes.
313 1348 347 1428 ls
367 1342 421 1425 ita
442 1338 620 1449 vivebat,
642 1365 687 1429 ut
713 1342 814 1429 nulia
837 1366 915 1428 tarn
935 1345 1124 1459 exquisita
1140 1347 1267 1457 posset
1292 1343 1457 1428 inveniri
1471 1374 1550 1431 vo-

155 1460 312 1573 luptas,
335 1482 415 1572 qua
435 1486 520 1571 non
539 1452 764 1543 abundaret.
792 1461 880 1543 Erat
895 1456 936 1543 dr
954 1456 1124 1571 cupidus
1138 1459 1408 1571 voluptatum,
1422 1460 1462 1543 ἃ
1475 1486 1550 1545 cu·

155 1571 270 1685 jusvis
292 1572 545 1687 generisejus
570 1570 810 1685 intelligens,
829 1572 869 1657 &
893 1571 1098 1685 copiosus:
1123 1570 1176 1657 ita
1197 1602 1281 1659 non
1313 1570 1550 1687 superstitio-

155 1688 250 1797 sus,
263 1710 308 1773 ut
328 1684 386 1770 iila
405 1684 570 1799 piurima
598 1689 639 1795 in
658 1684 726 1770 sua
743 1688 864 1799 patria
885 1686 1063 1772 acrificia
1085 1685 1126 1771 &
1151 1687 1240 1802 sana
1263 1709 1549 1775 contemneret:

154 1804 212 1885 ita
231 1824 315 1884 non
333 1800 492 1885 timidus
517 1798 568 1885 ad
593 1817 788 1905 mortem,
813 1814 861 1884 ut
878 1803 919 1883 in
944 1805 1026 1887 acie
1051 1802 1097 1885 iit
1121 1801 1177 1887 ob
1191 1828 1271 1885 rem
1300 1798 1468 1887 ubsicam
1484 1800 1548 1886 in-

155 1914 352 2001 terrenus.
391 1908 639 2027 Cupiditates
674 1942 759 2002 non
783 1914 939 2026 Epicuri
960 1913 1147 2001 divisrone
1178 1916 1270 2000 finie
1320 1938 1365 2021 t,
1393 1914 1458 2001 sed
1485 1917 1550 2002 sua

157 2028 337 2115 satietate
366 2028 547 2113 Habebat
566 2050 697 2114 tamen
716 2030 906 2113 rationem
917 2027 1168 2115 valetudinis:
1179 2026 1358 2115 utebatur
1380 2029 1424 2114 iis
1437 2056 1549 2114 exer-

157 2137 410 2229 citationibus
431 2205 446 2247 ,
470 2164 515 2228 ut
531 2139 586 2257 ¹ad
613 2136 832 2228 coenam‘&
848 2140 1064 2229 esuriens&
1086 2142 1212 2229 sitiens
1231 2147 1377 2228 veniret
1394 2175 1406 2229 r
1427 2170 1479 2252 co
1492 2142 1552 2229 ei·

158 2254 243 2362 bo,
265 2255 337 2371 qui
363 2256 403 2340 &
421 2256 654 2344 suavissimus
667 2256 786 2359 effer,
811 2253 852 2340 δι
873 2252 981 2339 idern
1002 2254 1201 2342 facillimus
1215 2254 1267 2343 ad
1290 2282 1553 2372 concoquen-

158 2369 282 2465 dum:
304 2374 402 2457 vino
414 2433 429 2475 ,
451 2370 491 2454 8(
513 2368 564 2454 ad
591 2369 859 2483 voluptatem,
884 2368 924 2455 &
949 2395 998 2453 ne
1019 2390 1189 2457 noceret.
1231 2376 1380 2457 Caetera
1401 2370 1460 2456 isla
1478 2372 1552 2457 ad·

157 2484 319 2571 bibebat
330 2545 346 2588 ,
398 2479 514 2569 uibus
530 2482 700 2597 demptis
724 2503 844 2598 negat
867 2481 950 2567 seE
980 2488 1110 2569 icurus
1134 2482 1366 2598 intelligere,
1394 2485 1493 2600 quid
1508 2487 1554 2573 st

157 2598 327 2686 bonurn.
354 2606 389 2683 A
441 2619 497 2683 rat
521 2601 652 2684 omnis
666 2594 820 2711 dosora
847 2600 917 2710 qui
938 2511 979 2679 si
988 2597 1157 2700 adesset,
1184 2624 1257 2683 nec
1280 2597 1445 2685 molliter
1473 2602 1552 2684 ser-

159 2736 244 2816 ret3
270 2714 311 2797 δι
329 2736 457 2797 tamen
471 2710 632 2797 medicis
654 2709 762 2824 plus,
783 2714 904 2825 quam
926 2709 1168 2824 philosophis
1199 2734 1378 2798 uteretur.
1424 2713 1553 2801 Color

158 2830 367 3026 efgregiusl,
391 2832 537 2940 integra
569 2823 779 2961 valetudo,
805 2824 953 3023 suegnna
972 2830 1125 2939 gratia,
1152 2827 1229 2910 vita
1257 2823 1432 2941 denique
1451 2854 1552 2913 con-

200 2968 259 3027 rta
280 2970 336 3026 vo
349 2970 376 3026 u
406 2963 528 3025 tatum
548 2967 727 3025 omnium
742 2964 824 3023 van
884 2960 933 3023 te.
994 3001 997 3006 -

218 3060 343 3141 Hunc
362 2972 457 3141 iibri>
482 3049 826 3141 beatum4⁵oratio
850 3051 1012 3166 quidem
1035 3052 1156 3137 vestra
1177 3054 1228 3138 src
1250 3058 1408 3165 cogitat.
1437 3054 1552 3169 Ego,

155 3167 256 3255 huic
277 3194 397 3282 quem
430 3188 694 3279 anteponam,
718 3186 802 3250 non
824 3164 955 3250 audeo
981 3165 1131 3251 dicere:
1153 3164 1256 3251 dicet
1285 3197 1359 3279 pro
1394 3196 1458 3251 me
1473 3172 1554 3283 ipa

153 3288 308 3369 virtus:
333 3308 407 3367 nec
433 3280 626 3367 dubitabit
649 3283 708 3367 isti
729 3280 857 3366 vestro
880 3275 995 3365 beato
1014 3286 1070 3365 Μ.
1092 3281 1282 3393 Regulum
1303 3302 1552 3393 anteponere.

232 3424 300 3481 ern
322 3393 510 3513 quidem,
542 3390 635 3479 ciun
658 3395 725 3480 sua
745 3392 975 3498 voluntate,
997 3391 1099 3477 nessa
1133 3400 1173 3478 vi
1204 3396 1390 3499 coaiius,
1416 3419 1554 3507 prater

150 3510 182 3597 fi
214 3540 285 3595 em
296 3573 311 3614 ,
331 3538 451 3626 quam
471 3507 629 3597 dederat
651 3508 779 3625 hosti,
804 3534 853 3591 ex
877 3507 999 3620 patria
1019 3507 1295 3621 Carthaginem
1317 3510 1553 3616 revertisset,

152 3624 431 3741 tumjpsum,
453 3632 548 3712 cum
566 3622 761 3740 vigiliis&
779 3621 881 3733 sante
903 3626 1156 3723 cruciaretur,
1175 3624 1309 3709 clamat
1323 3626 1443 3708 virtus
1460 3619 1554 3708 bea-

150 3746 307 3829 tiorem
329 3738 463 3843 fuisse,
488 3744 610 3853 quarn
640 3758 842 3853 potantem
866 3742 906 3820 in
928 3735 1011 3821 rosa
1033 3735 1238 3822 Thorium.
1278 3736 1377 3823 uena
1412 3735 1445 3821 is
1468 3766 1553 3822 ma-

146 3886 239 3971 gna
271 3856 456 3970 gesseram
476 3854 535 3938 bis
560 3852 691 3941 consul
715 3851 865 3951 fuerar3
883 3848 1161 3961 triumpharat:
1183 3878 1257 3935 nec
1277 3875 1409 3936 tamen
1430 3852 1494 3936 sua
1507 3849 1555 3936 il-

145 3975 187 4057 la
218 3972 522 4085 superroratam
552 3997 717 4082 magna,
750 3991 880 4081 neque
907 3986 986 4047 tam
1010 3962 1186 4077 praeclara
1211 3964 1406 4068 ducebat,
1435 3970 1556 4077 quam

142 4087 278 4175 nrum
297 4084 477 4169 utimum
489 4078 617 4170 eastrm
633 4146 645 4188 ,
659 4108 778 4195 quem
790 4102 949 4194 propter
967 4078 1088 4162 fidem
1098 4142 1111 4183 ‚
1122 4080 1457 4190 constantiamque
1479 4078 1555 4163 sus·

139 4220 325 4315 ceperat
348 4230 360 4284 r
382 4197 454 4312 qui
474 4197 589 4285 nobis
613 4194 829 4282 miserabilis
853 4194 1005 4280 videtur
1027 4191 1299 4295 audientibus,
1328 4190 1385 4275 ilii·
1414 4219 1556 4304 perpe·

138 4311 286 4406 tienti
312 4333 387 4399 erat
410 4313 649 4401 voluntarius
674 4310 724 4397 ⁴⁶.
764 4312 866 4395 Non
887 4313 994 4394 enim
1023 4307 1235 4412 hilaritate,
1271 4331 1343 4389 nec
1380 4303 1558 4413 lasciviis,

974 4430 1010 4509 V
1069 4454 1091 4507 a
1318 4444 1324 4449 ⁴
1482 4447 1557 4506 nec

137 4574 1546 4609 W

134 4634 529 4722 &spumosumque
549 4636 690 4697 Uasmvs.
872 4631 882 4725 Ι
932 4642 982 4702 46.
1002 4626 1185 4695 Voluntariur]
1198 4625 1278 4693 Nos,
1294 4642 1316 4681 n
1330 4622 1560 4715 sapiensquam

184 4736 247 4793 45.
276 4714 439 4775 ffluwb
453 4716 584 4788 bem]
606 4716 702 4797 Lege,
718 4718 857 4775 Huntvnr
892 4708 1046 4769 iussionem
1060 4704 1185 4786 prestant
1204 4706 1239 4765 C.
1250 4705 1286 4764 C.
1295 4705 1331 4764 C.
1350 4704 1382 4763 &
1398 4704 1562 4765 vetustiores

133 4803 266 4865 bem
295 4800 395 4857 :ratio
420 4801 525 4879 quidem
551 4796 636 4879 varra
645 4795 685 4879 fic
710 4800 784 4879 rugia.
819 4799 857 4855 Ar
893 4790 976 4865 editi,
994 4785 1203 4871 quimqueloci
1220 4806 1301 4851 mens
1315 4784 1436 4850 omnim
1449 4786 1562 4867 flagitat.

128 4904 185 4966 ago
213 4880 290 4945 dec·
317 4876 355 4955 Τ,
375 4878 561 4958 Bassianus,
668 4876 671 4883 “
892 4875 1047 4939 Davisius.
