4259 5592
511 430 1294 527 ·L1nanrn1nuo
1561 470 1637 551 ιη

182 710 191 725 ,
250 621 485 743 tare'poffit,
505 616 577 711 ‘aut
597 620 749 737 angere.
774 618 958 710 Praeerea
983 620 1022 705 δι
1044 618 1336 737 appetendi'‚&
1357 616 1588 733 refugiendi,
1602 619 1642 702 ὃ(

249 747 419 830 omnino
438 762 568 825 rerum
592 736 846 853 gerendarum
864 737 971 821 initia
1004 737 1301 848 proficiscuntur
1324 759 1389 817 aut
1415 736 1438 817 a
1461 735 1645 846 volupta-
1749 786 1764 805 κ.

250 881 316 962 te,
337 879 404 941 aut
424 857 448 940 a
468 851 620 939 dolore.
690 850 775 937 uod
790 856 886 951 caim
908 847 962 933 ita
981 850 1046 954 stt,
1072 850 1320 965 perspicuum
1340 848 1394 930 est
1417 877 1554 935 omnes
1579 873 1641 931 re-

247 974 329 1055 &as
352 996 411 1053 res
432 988 550 1081 atque
574 963 685 1051 lauda
715 964 779 1049 iles
804 968 863 1079 eb,
885 964 1045 1068 referri,
1072 985 1231 1050 utrum
1255 961 1455 1074 voluptate
1480 970 1639 1049 vivatur.

246 1087 456 1283 (fironiam
486 1101 615 1167 autem
642 1077 684 1162 id
712 1078 766 1163 est
787 1077 847 1165 vel
869 1079 1062 1165 sumnurm
1085 1078 1315 1180 bonorun,
1346 1077 1407 1159 vel
1431 1077 1643 1177 ultimam,

247 1228 273 1281 v

319 1219 574 1297 extremm,
598 1192 712 1304 quod
736 1196 860 1278 Graeci
881 1194 987 1285 rinae
1006 1192 1237 1297 nominant,
1265 1189 1379 1304 quod
1408 1190 1533 1303 ipsum
1557 1188 1645 1275 nul-

247 1312 324 1395 lam
348 1307 399 1395 ad
420 1308 532 1393 aliam
558 1334 665 1412 rem,
684 1306 736 1393 ad
757 1303 800 1393 id
819 1330 949 1395 autem
963 1336 1021 1393 res
1036 1310 1252 1396 reseruntur
1264 1330 1425 1391 omnes:
1441 1305 1644 1391 fatendum

249 1426 331 1529 est,
353 1425 547 1508 summum
568 1418 816 1509 essebonum
834 1420 1005 1535 jucunde
1028 1426 1170 1509 vivere.

309 1537 352 1624 ld
378 1541 447 1650 qui
474 1540 618 1647 inuna
643 1535 783 1623 virtute
808 1557 991 1650 ponunt,
1024 1538 1063 1624 ἃ
1090 1535 1293 1649 splendore
1316 1536 1487 1621 nominis
1511 1539 1614 1647 capti
1627 1597 1641 1638 ,
1655 1566 1716 1585 ···

250 1651 351 1767 quid
372 1674 507 1736 natura
539 1648 705 1762 postulet
738 1680 824 1737 non
847 1650 1087 1764 intelligunt,
1117 1677 1245 1738 errore
1270 1655 1469 1755 maximo,
1492 1652 1520 1735 s1
1546 1648 1641 1763 Epi·
1662 1626 1707 1701 ¹3

251 1790 390 1851 curum
410 1762 545 1851 audire
566 1760 781 1867 voluerint,
805 1763 1078 1851 liberabuntur.
1107 1766 1186 1852 lstae
1210 1763 1315 1849 enim
1336 1766 1465 1850 vestra
1490 1770 1639 1853 eximia

247 1878 499 1994 palchrbque
523 1881 683 1963 virtutes
711 1878 780 1965 nist
800 1878 1043 1993 voluptatem
1056 1880 1276 1983 efficerent,
1294 1882 1383 1993 quia
1397 1907 1460 1966 eas
1475 1903 1543 1967 aut
1557 1881 1646 1965 lau-

247 1990 418 2098 dabiles,
440 2016 506 2079 aut
532 1995 766 2105 expetendas
790 1991 1065 2080 arbitraretur?
1078 1998 1130 2079 Ut
1141 2001 1244 2081 enim
1255 1993 1502 2080 medicorum
1517 1996 1640 2081 scien-

247 2112 344 2195 tiam
366 2137 450 2195 non
469 2106 584 2218 ipsus
607 2107 721 2213 artis,
747 2107 809 2193 sed
837 2108 953 2194 bona
971 2104 1202 2194 valetudinis
1216 2105 1332 2195 causi
1352 2105 1641 2219 probamusz&

249 2218 520 2335 gubernatoris
551 2247 639 2323 ars,
668 2225 762 2336 quia
785 2222 886 2307 bene
911 2220 1121 2335 navigandi
1146 2228 1335 2309 rationem
1358 2220 1510 2326 habet,
1535 2219 1641 2307 utili-

251 2358 357 2440 tate,
380 2362 462 2419 non
483 2358 561 2421 arte
580 2332 779 2424 laudatur:
801 2334 853 2421 stc
873 2334 1083 2451 sapientia,
1107 2365 1196 2451 quae
1227 2362 1286 2421 ars
1308 2334 1468 2420 vivendi
1497 2360 1643 2448 putan-

250 2449 305 2533 da
325 2448 406 2553 est,
428 2476 510 2534 non
528 2472 793 2561 expeteretur,
816 2448 948 2551 finihil
964 2450 1157 2551 efficeret;
1179 2477 1284 2535 nunc
1300 2448 1514 2564 expetitur,
1527 2448 1640 2563 quod

246 2566 302 2647 est
328 2584 515 2675 tanquam
538 2562 671 2647 artifex
691 2564 965 2678 conquirenda
994 2566 1033 2651 δι
1059 2563 1332 2677 comparanda
1360 2552 1455 2651 volu
1485 2568 1581 2650 tatis.

309 2682 442 2799 Qram'
464 2697 596 2761 autem
616 2674 744 2763 dicam
768 2676 1009 2791 voluptatem
1026 2680 1101 2790 jam
1117 2676 1283 2785 videtis,
1303 2595 1511 2763 neinvidii
1532 2675 1642 2762 verbi

248 2790 499 2877 labeladietur
525 2788 652 2877 oratio
671 2820 767 2878 mea.
791 2792 903 2877 Nam
923 2789 1016 2878 cum
1037 2798 1284 2908 ignoratione
1302 2819 1430 2876 rerum
1445 2787 1638 2878 bonarum

249 2907 290 2991 &
313 2902 496 2989 malarum
512 2909 678 2992 maxime
698 2909 905 2993 hominum
920 2910 997 2992 vita
1031 2926 1213 3011 vexetur,
1238 2904 1294 2994 ob
1334 2909 1508 3020 eumque
1531 2932 1644 2989 erro·

248 3045 332 3103 rem
358 3015 681 3131 &voluptatibus
700 3019 876 3107 maximis
900 3020 997 3132 sape
1012 3026 1239 3133 priventur,
1262 3022 1531 3132 &praviffimis
1551 3022 1638 3127 ani·-

250 3130 307 3215 mi
337 3128 541 3219 doloribus
567 3155 851 3249 torqueantur3
872 3136 1051 3249 sapientia
1068 3136 1122 3219 est
1144 3133 1390 3237 adhibenda,
1415 3134 1640 3248 quabrt'er·

250 3243 405 3331 roribus
425 3244 776 3362 cupiditatibusque
794 3246 993 3352 detraslis,
1016 3249 1054 3333 &
1080 3254 1259 3334 omnium
1280 3248 1453 3334 salsarum
1478 3248 1641 3361 opinio-

248 3388 346 3445 num
365 3365 576 3446 temeritate
600 3360 777 3477 direpta',
798 3362 1034 3449 tertiffimam
1062 3363 1099 3445 se
1124 3361 1239 3449 nobis
1253 3360 1398 3447 ducem
1411 3357 1640 3475 prebeatad

248 3472 500 3585 voluptatem
529 3480 718 3589 Sapientia
752 3484 856 3563 enim
878 3478 930 3563 est
956 3505 1059 3578 una,
1084 3506 1171 3589 qua
1200 3478 1420 3561 moeliitiam
1446 3475 1559 3589 pellat
1588 3502 1638 3559 ex

247 3592 415 3693 almis,
439 3616 526 3701 qua
557 3618 633 3677 noe
653 3591 918 3679 exhorrescere
941 3614 1048 3675 metu
1069 3620 1153 3677 non
1176 3593 1294 3677 smar:
1315 3620 1394 3704 qua
1419 3593 1639 3702 praceptri·
1679 3605 1683 3611 ·

247 3730 295 3788 ce
321 3707 365 3787 in
385 3702 652 3815 tranquillitate
680 3710 758 3792 vivi
778 3706 931 3819 potest,
956 3705 1405 3818 omniumcupiditatum
1419 3701 1638 3789 ardorere-
1677 3712 1683 3719 '

251 3817 405 3901 stinblo.
433 3816 678 3931 Cupiditates
702 3822 806 3905 enirn
830 3818 915 3908 sunt
936 3816 1186 3906 inl'atiabiles:
1209 3850 1296 3933 qua
1316 3847 1400 3905 non
1420 3818 1545 3902 modo
1564 3814 1646 3897 sm-

253 3930 367 4125 pulos
384 3929 590 4035 homines,
621 3934 684 4019 sed
713 3933 905 4020 universas
929 3932 1436 4035 familiasevertunt3rotam
1449 3936 1564 4016 etiam
1580 3928 1636 4050 laq·
1679 3940 1682 3945 ’

284 4042 443 4131 elabatur
478 4046 576 4158 saepe
598 4046 883 4162 rempublicam.
930 4046 991 4132 Ex
1011 4044 1285 4162 cupiditatibus
1319 4044 1437 4149 odia,
1464 4042 1610 4129 diffidia
1622 4086 1644 4147 ,.
1677 4070 1680 4073 ’

255 4155 477 4262 discordiae,
502 4159 729 4266 seditiones,
749 4159 842 4249 bella
861 4158 1076 4249 nascuntur.
1110 4169 1200 4250 Nec
1223 4162 1279 4246 bae
1304 4157 1376 4243 sese
1398 4156 1492 4242 foris
1516 4152 1646 4241 foliam
1683 4172 1686 4179 '

250 4272 420 4384 petant,
441 4298 515 4357 nec
536 4272 687 4363 tantiam
709 4276 752 4362 in
776 4276 870 4367 alios
896 4307 1000 4365 caco
1029 4278 1181 4389 impetu
1198 4280 1432 4373 incurrunt,
1451 4269 1515 4354 sod
1537 4275 1644 4356 intur

250 4389 375 4471 etiam
393 4383 435 4471 iu
455 4392 589 4491 aninris
611 4392 760 4479 inclusa
781 4398 879 4481 inter
906 4393 979 4477 sese
1001 4388 1178 4501 diffident
1196 4412 1314 4500 atque
1330 4382 1562 4470 discordant
1583 4388 1642 4467 lix

1083 4507 1114 4589 P
1156 4535 1175 4611 3
1231 4574 1237 4585 .
1358 4558 1364 4569 ·
1552 4514 1668 4612 quo

245 4722 407 4800 jucundum
425 4722 581 4785 &suavem
592 4726 710 4791 nomine
722 4725 871 4808 voluptaris
882 4725 925 4787 in.
1000 4741 1017 4780 a
1036 4720 1117 4779 Man.
1130 4720 1233 4780 Lanu.
1250 4720 1309 4779 lauit
1321 4762 1348 4779 ..
1364 4720 1493 4783 aarum

244 4798 431 4887 effigurat,
449 4806 657 4883 domun.
1001 4800 1119 4883 axia
1132 4796 1382 4885 manarant
