4259 5592
317 362 338 502 s
447 434 738 533 arnna
794 434 1302 563 sncunous.
1482 447 1579 560 377,

162 626 211 719 in
229 630 487 717 id‘certamen
509 609 769 733 descendant,
794 623 1193 714 devitari-dolorem?
1217 625 1337 742 Apud
1361 656 1466 743 quos
1491 660 1564 718 au·

166 765 250 833 tem
271 743 443 831 venandi
465 738 722 860 &equitandi
741 742 822 831 laus
851 746 1005 858 vigeat,
1027 748 1097 858 qui
1122 746 1221 830 hanc
1238 744 1452 857 petel‘sunt,
1476 747 1564 832 nul-
1599 774 1601 779 ’

164 860 250 947 lum
272 860 431 971 fugiunt
458 855 648 945 dolorem.
677 857 790 982 Quid
809 855 862 942 de
885 858 1023 944 nostris
1050 858 1354 963 ambitionibus,
1385 858 1485 973 quid
1510 861 1563 945 de

163 973 385 1087 cupiditate
413 975 615 1059 honorum
646 972 810 1088 loquar?
827 1002 914 1088 qua
938 976 1095 1057 flamma
1121 975 1202 1080 est,
1230 1002 1299 1088 per
1327 1002 1447 1089 quam
1479 1006 1562 1060 non

164 1090 407 1189 cucurrerint
427 1088 481 1191 ii,
507 1092 577 1202 qui
590 1091 673 1174 haec
699 1087 793 1174 olim
819 1091 974 1201 punslis
996 1088 1030 1133 ³⁷
1047 1089 1201 1203 singulis
1215 1084 1447 1202 colligebant
1460 1101 1474 1180 2
1487 1096 1562 1177 lta·

166 1230 250 1316 que
272 1205 422 1315 semper
441 1202 642 1290 Africanus
654 1207 895 1292 Socraticum
909 1204 1219 1314 Xenophontem
1233 1210 1274 1289 in
1293 1203 1473 1289 manibus
1491 1208 1562 1290 ha-

165 1314 306 1420 bebat:
327 1318 436 1429 cujus
462 1317 503 1401 in
527 1318 662 1433 primis
677 1316 859 1415 laudabat
886 1316 1003 1422 illud,
1023 1320 1138 1434 quod
1161 1319 1329 1423 diceret,
1352 1320 1487 1422 eosdem
1499 1323 1560 1402 la-

167 1434 269 1515 bores
291 1462 364 1514 non
383 1432 446 1540 esse
466 1435 567 1548 eque*
587 1430 730 1549 graves
748 1435 960 1548 imperatori
990 1434 1037 1525 ὁ*
1059 1436 1199 1541 militi,
1227 1434 1330 1553 quid
1351 1434 1422 1546 ῥῖψε
1451 1436 1560 1519 honos

166 1550 332 1631 laborem
359 1548 534 1630 leviorem
546 1545 693 1657 faceret
727 1551 1016 1663 imperatorium.
1453 1577 1459 1589 ·

164 1764 168 1769 ,
226 1661 303 1749 Sed
329 1686 459 1748 tamen
486 1667 567 1750 hoc
588 1671 744 1770 evenit,
768 1690 812 1752 ut
832 1672 872 1752 in
901 1666 1044 1780 vulgus
1068 1662 1325 1777 insipientium
1337 1665 1477 1780 opinio
1490 1698 1560 1755 va-

166 1779 241 1865 leat
262 1779 493 1884 honestatis,
513 1776 607 1865 citm
635 1782 754 1895 ipsam
778 1781 911 1867 videre
936 1812 1021 1868 non
1047 1782 1199 1891 polsrnt.
1229 1787 1363 1895 ltaque
1391 1779 1497 1895 samri¹
1519 1786 1559 1869 ὃ(

163 1892 423 1979 multitudiuis
444 1894 591 2006 iudicio
620 1919 851 2002 moventur,
867 1901 962 1983 cum
984 1895 1026 1981 id
1039 1894 1247 1979 honestum
1267 1918 1429 2007 putent,
1443 1898 1558 2011 quod

165 2014 191 2095 a
211 2007 397 2121 plerisque
421 2006 608 2096 laudetur.
638 2016 699 2098 Te
718 2015 848 2112 autem
863 2076 888 2117 ,‚
909 2012 938 2094 sr
960 2010 1002 2095 in
1028 2008 1163 2112 ⁴oculis
1196 2011 1243 2094 srs
1268 2009 1558 2117 multitudinis,

165 2145 295 2208 tamen
322 2126 403 2237 ejus
421 2123 568 2237 judicio
591 2129 684 2210 stare
714 2127 864 2231 nolim,
886 2152 983 2229 nec,
1003 2123 1118 2237 quod
1125 2122 1190 2209 -illa
1203 2144 1342 2237 putet,
1362 2124 1558 2239 idempu-

162 2256 245 2350 tare
271 2233 586 2349 pulcherrimum.
614 2246 709 2328 Tuo
732 2242 804 2327 tibi
828 2239 973 2344 iudicio
993 2239 1049 2323 est
1077 2236 1279 2329 uteudtuir.
1304 2239 1413 2325 ·Tibi
1438 2241 1466 2325 sr
1496 2269 1558 2325 re-

161 2354 230 2437 cia?
250 2351 433 2463 probanti
453 2355 649 2466 placebis,
674 2380 759 2443 turn
773 2386 857 2441 non
876 2354 1004 2441 rnodb
1026 2376 1072 2439 tu
1085 2378 1123 2439 te
1143 2356 1305 2458 viceris,
1328 2352 1556 2469 quodpau-

162 2466 320 2553 lbante
343 2471 639 2584 praecipiebam,
661 2471 727 2557 sed
753 2498 892 2558 omnes
911 2473 951 2556 ὃ(
967 2466 1114 2572 omnia.

158 2580 163 2587 ’
222 2588 316 2668 Hoc
338 2589 455 2699 igitur
477 2588 548 2676 tihi
567 2613 777 2701 propone,
815 2584 1178 2701 amplitudinem&
1216 2582 1322 2697 quasr
1356 2580 1556 2698 quandam

161 2697 503 2812 exaggerationem
558 2706 652 2787 uim
678 2701 886 2789 altissimam
912 2705 1061 2806 animi,
1093 2727 1183 2814 quae
1212 2700 1380 2784 maxime
1412 2705 1555 2785 eminet

159 2814 459 2900 contemnendis
478 2733 791 2928 &despiciendis
805 2816 1031 2903 doloribus:
1050 2844 1169 2901 unam
1183 2816 1258 2899 else
1274 2818 1454 2901 omnium
1472 2842 1555 2898 rem

161 2928 488 3042 pulcherrimam,
534 2937 667 3046 eoque
704 2932 991 3045 pulchriorem,
1017 2930 1196 3017 srvacet.
1219 2927 1399 3041 populo,
1424 2954 1554 3044 neque

161 3044 337 3155 plausum
370 3072 557 3160 captans,
590 3050 626 3131 se
648 3049 811 3132 'tantum
833 3048 912 3162 ipsa
942 3046 1133 3132 deiceret..
1166 3048 1277 3165 Qrin
1305 3048 1420 3128 etiam
1454 3046 1553 3130 mihi

160 3158 327 3273 quidem
348 3159 599 3267 laudabiliora
617 3161 799 3248 videntur
821 3166 978 3267 omnia,
1000 3190 1087 3273 quae
1116 3161 1196 3244 srne
1225 3156 1491 3246 venditatione
1514 3161 1554 3275 br

158 3277 242 3360 srne
255 3278 421 3387 'populo
446 3278 538 3362 telle
558 3276 658 3362 liunt
675 3310 685 3363 ε
705 3306 789 3362 non
811 3281 895 3393 qub
926 3274 1138 3390 fugiendus
1162 3274 1232 3375 srt,
1258 3273 1424 3383 (omnia
1446 3278 1553 3359 enim

155 3389 363 3476 benesada
385 3392 427 3476 in
446 3392 533 3497 luce
558 3394 595 3478 se
619 3390 803 3477 collocari
827 3392 994 3501 volunt)
1016 3387 1081 3474 sed
1107 3411 1238 3474 tamen
1271 3386 1419 3473 nullum
1442 3392 1552 3477 thea-

154 3526 265 3593 trum
286 3510 418 3593 virtuti
434 3505 666 3613 conscientia
688 3507 809 3612 majus
834 3508 898 3590 est.
944 3604 948 3610 .
1024 3506 1028 3513 “
1203 3609 1209 3618 ¹
1501 3518 1504 3525 ’

216 3630 348 3735 Atque
366 3626 408 3707 in
433 3628 564 3735 primis
584 3620 816 3708 meditemur
839 3619 932 3708 illud
950 3643 1021 3724 ,ut
1045 3622 1132 3705 hac
1151 3618 1334 3737 patientia
1348 3619 1549 3725 dolorum,

244 3735 349 3821 Tom.
379 3736 446 3824 ΙΙ.
900 3742 929 3822 Β
947 3735 975 3821 b
993 3732 1018 3817 b
1428 3764 1548 3849 quam

200 4000 250 4061 36.
270 3987 435 4064 Omninoque
455 4004 544 4043 omnes
569 3987 632 4044 clari
655 3983 691 4047 d*
716 3986 841 4044 nobilitari
868 3986 948 4064 Lege
961 4003 1031 4063 ergo
1048 4003 1117 4044 meo
1131 3982 1279 4061 periculo,
1295 3978 1466 4043 &librarios
1480 3979 1548 4059 plo-‘

141 4068 259 4126 iabores
277 4068 488 4127 contemnendo
500 4064 575 4147 finnt
594 4066 766 4137 tolerabiles]
788 4068 841 4125 Per
867 4085 928 4125 rare
948 4067 1014 4143 jube
1035 4092 1043 4123 :
1063 4066 1227 4145 Omnindque
1245 4086 1333 4123 omnes
1350 4064 1412 4121 clari
1440 4058 1475 4124 ό
1504 4084 1550 4147 no5

137 4150 258 4207 labores
274 4146 407 4229 intelligit
419 4148 503 4209 ludos
514 4147 839 4229 Gymnicos,Olympia‚
870 4149 961 4209 blunt
979 4148 1078 4206 labores
1095 4146 1293 4207 contendendo
1300 4144 1373 4225 fiunt
1397 4142 1547 4202 tolerabiles.

139 4228 272 4310 Pythia,
282 4230 312 4288 ὅ(
326 4228 357 4290 id
375 4250 481 4309 genus,
492 4248 523 4287 ut
536 4250 571 4290 ex
583 4229 758 4307 sequentibus
772 4250 839 4291 con-
872 4232 934 4290 Hoc
952 4228 1031 4289 enim
1044 4227 1084 4287 est
1092 4268 1101 4296 ,
1123 4228 1201 4304 quod
1218 4226 1313 4303 saepius
1328 4223 1449 4284 inculcat
1465 4224 1548 4284 Cice·

134 4312 217 4372 stat.
238 4310 316 4383 Quid
327 4331 397 4391 ergo
417 4310 429 4371 l
450 4332 485 4370 an
507 4310 643 4389 ejusmodi
662 4310 839 4373 laboresliunt
867 4326 962 4382 ro,ut
988 4308 1067 4387 supri
1084 4327 1116 4367 ca
1136 4352 1143 4367 .
1167 4328 1214 4367 21.
1253 4312 1321 4400 Qae
1329 4306 1393 4385 sunt
1411 4306 1456 4384 illa
1472 4326 1549 4366 arma
1656 4322 1660 4330 ’

131 4391 317 4457 tolerabiles
332 4395 545 4454 contemnendo?
565 4393 639 4452 nrhil
650 4392 710 4455 vidi
731 4392 835 4453 minlts.
868 4412 957 4452 contra
979 4393 1091 4450 dolorem
1114 4328 1135 4429 l)
1156 4390 1338 4465 Contendo,
1365 4386 1549 4469 confimario,

132 4480 261 4537 Immo
280 4477 396 4544 contr'a,
414 4474 462 4552 qui
479 4474 669 4544 admirantur,
680 4475 728 4554 qui
739 4475 839 4556 Olym·
872 4474 936 4538 &ri
951 4477 1133 4533 Banrrarus.
1377 4545 1394 4558 ..

126 4558 275 4643 piorum
291 4554 456 4626 victoriam,
481 4575 514 4615 ut
541 4554 664 4635 superiirs
684 4554 774 4626 dixit,
791 4578 838 4617 an-
911 4576 957 4634 37.
970 4579 973 4584 ·
985 4555 1094 4614 Punslis
1103 4551 1243 4632 stragulis]
1266 4548 1408 4628 Suffragus
1419 4589 1429 4619 ‚
1442 4552 1502 4625 qua*
1515 4566 1548 4608 o-

122 4642 269 4720 tiquum
295 4637 379 4699 illurn
405 4636 582 4700 consulatum
603 4637 787 4710 arbitrantur,
808 4636 839 4695 hi
869 4636 922 4697 lim
938 4634 1046 4715 pantes
1066 4637 1241 4695 notabantur.
1272 4635 1319 4694 Ad
1340 4630 1465 4704 eundem
1482 4649 1546 4691 mo-

122 4720 231 4787 tantb
257 4716 371 4781 facilius
403 4720 515 4782 labores
542 4740 591 4782 eos
625 4718 837 4800 perpetiuntur,
868 4738 930 4779 rem
945 4715 1054 4797 respicit
1072 4714 1204 4781 Horatius
1226 4718 1286 4778 hrt.
1300 4716 1378 4780 Post.
1397 4709 1464 4777 vers
1479 4732 1549 4793 343.

125 4801 262 4890 quanti>
280 4800 313 4863 in
335 4806 440 4885 majore
462 4799 599 4869 felicitatis
615 4818 693 4884 parte
718 4818 837 4883 ponunt,
872 4803 1030 4879 Drvrsrus,
1318 4833 1322 4839 ·
