4259 5592
506 370 794 459 LIBER
848 369 1289 463 TERTIUS.
1527 394 1604 491 εις

204 590 281 647 nox
305 556 384 671 tpn
399 558 510 652 ducit
528 556 667 643 oratio.
700 554 777 642 Sed
795 557 1015 669 antequim
1030 554 1083 641 de
1105 586 1168 662 re,
1193 588 1320 671 pauca
1345 558 1395 645 de
1409 586 1482 645 me.
1502 564 1601 647 Nou

207 677 315 761 euim
333 672 583 759 mediocriter
607 698 775 759 moveor
797 670 1025 758 auctoritate
1049 694 1138 778 tua,
1154 671 1290 779 Balbe,
1313 676 1571 791 orationeque
1589 678 1599 719 ³

211 818 281 894 ea,
302 818 392 903 quae
410 788 532 871 mein
553 785 778 898 perorando
803 786 1108 894 cohortabatur,
1129 812 1173 873 ut
1198 790 1469 897 meminissem,
1487 819 1551 875 rue
1570 792 1610 875 &

174 906 182 915 ’
216 904 502 1005 Cottam-else,
520 900 559 983 δι
578 899 816 1011 pontificem
846 898 979 1015 Qrod
998 905 1076 1006 eb,
1096 902 1241 1007 credo,
1264 903 1436 1009 valebat,
1461 929 1503 990 ut
1518 910 1610 1016 opi-

216 1022 380 1121 niones,
407 1017 547 1131 quasi
571 1012 781 1123 majoribus
804 1020 1026 1125 accepimus
1053 1016 1105 1101 de
1127 1017 1200 1103 diis
1224 1018 1530 1122 immortalibus,
1552 1019 1610 1103 la-

216 1138 301 1236 cr‘a,
320 1131 588 1231 ceremonias,
604 1128 889 1244 religionesque
907 1127 1169 1217 defenderem.
1209 1136 1295 1246 Ego
1319 1139 1414 1221 verb
1438 1162 1501 1219 eas
1537 1130 1618 1217 de-¹

214 1244 375 1332 sendarn
399 1244 565 1361 semper,
588 1244 815 1359 semperque
836 1242 1018 1333 defendi:
1049 1274 1125 1331 nec
1146 1272 1210 1331 me
1227 1244 1283 1331 'ex
1314 1277 1359 1333 ea
1383 1253 1609 1361 opinione,

218 1365 377 1477 quami
397 1358 606 1473 maioribus
630 1364 766 1469 accepi
790 1356 842 1443 de
856 1359 963 1445 cultu
986 1360 1154 1447 deorum
1169 1362 1473 1469 immortalium,
1496 1362 1610 1447 ullius

216 1504 394 1590 unquam
410 1474 538 1563 oratio
553 1498 620 1558 aut
643 1475 754 1561 docli
775 1497 844 1561 aut
869 1472 1234 1563 indoelimovebit.
1262 1477 1339 1562 Sed
1364 1483 1457 1563 curn
1484 1476 1535 1563 de
1548 1504 1613 1559 re-

216 1591 365 1705 ligione
393 1589 545 1705 agitur,
563 1591 612 1673 T.
639 1592 966 1691 Coruncanium,
995 1595 1037 1674 P.
1056 1595 1308 1705 Scipionem,
1328 1598 1370 1677 P.
1383 1592 1616 1695 Scaevolam,

218 1702 425 1819 pontifices
447 1707 666 1805 maximos,
694 1730 777 1787 non
801 1708 1025 1808 Zenonem,
1044 1728 1111 1789 aut
1125 1704 1376 1811 Cleanthem,
1393 1729 1460 1791 aut
1473 1708 1610 1821 Chry-

220 1822 376 1931 sippum
399 1819 562 1932 sequor:
587 1812 795 1929 habeoque
817 1822 867 1903 C.
884 1818 1043 1903 Laelium
1059 1848 1269 1933 augurem,
1284 1820 1537 1935 eundemque
1554 1822 1613 1903 la-

219 1938 391 2046 pieutem
403 1997 416 2037 ,
436 1958 554 2047 quem
567 1934 702 2041 potitis
722 1930 881 2015 audiam
902 1930 954 2015 de
976 1932 1161 2043 religione
1174 1932 1367 2019 dicentem
1388 1940 1426 2019 in
1449 1937 1613 2019 illaora-

220 2051 357 2133 tioue⁴
375 2046 523 2149 nobili,
550 2048 672 2159 quim
698 2072 938 2159 quemquam
967 2050 1441 2161 principemStoicorum.
1482 2053 1616 2137 Cum-

221 2189 302 2274 que
324 2166 452 2277 ornois
479 2156 619 2273 populi
638 2164 801 2247 Romani
824 2160 959 2275 religio
976 2165 1018 2244 in
1040 2161 1161 2265 sarcra,
1188 2162 1227 2245 &
1253 2161 1294 2245 iu
1317 2163 1484 2277 auspicia
1508 2160 1613 2246 divi-

221 2276 347 2361 serit:
371 2274 530 2360 tertium
546 2270 773 2382 adjuntium
795 2274 865 2377 srt,
903 2275 931 2358 sr
967 2272 1068 2387 quid
1094 2274 1354 2389 praedislionis
1392 2274 1532 2380 causi,
1563 2304 1617 2363 ex.

218 2393 408 2502 portentis
433 2392 480 2475 u.
492 2387 690 2491 monstris,
705 2387 852 2502 Sibyllae
881 2393 1131 2497 interpreter,
1160 2390 1422 2505 haruspicesve
1441 2418 1612 2477 monue-

220 2528 334 2589 runt:
374 2508 513 2591 harum
540 2494 617 2617 ego
640 2502 873 2615 religionum
907 2504 1050 2589 nullam
1077 2534 1252 2619 unquam
1282 2504 1617 2591 contemnendam

218 2619 375 2731 putavi:
396 2622 569 2731 mihique
588 2623 639 2702 ita
652 2616 813 2731 persuasr
825 2681 839 2721 ,
854 2618 1065 2705 Romulum
1088 2622 1287 2731 auspiciis,
1309 2625 1487 2706 Numam
1503 2620 1615 2705 sacris

221 2732 460 2836 constitutis,
483 2730 732 2816 fundamenta
756 2730 881 2846 jecisse
903 2734 1040 2820 nostra
1072 2734 1256 2819 civitatis:
1286 2764 1375 2847 quae
1407 2764 1619 2849 nunquam

221 2848 404 2961 profesio
427 2848 505 2930 fine
521 2845 669 2930 summa
684 2845 900 2957 placatione
920 2846 1093 2933 deorum
1116 2850 1397 2933 immortalium
1417 2872 1520 2934 tanta
1539 2850 1619 2934 else

223 2961 420 3073 potuisset.
449 2956 607 3064 Habes,
629 2956 769 3065 Balbe,
791 2957 1057 3074 quid'Cotta,
1071 2961 1173 3073 quid.
1184 2960 1364 3076 pontifex
1382 2961 1521 3049 sentiat.
1542 2968 1618 3048 Fac

223 3106 330 3161 nunc
357 3102 457 3190 ergo
480 3074 706 3187 intelligam,
733 3098 780 3159 tu.
802 3074 902 3188 quid
929 3076 1073 3161 sentias.
1115 3083 1150 3161 A
1185 3100 1224 3160 re
1245 3076 1350 3160 enim
1377 3077 1621 3190 philosopho

225 3197 415 3277 rationem
437 3194 613 3301 accipere
637 3186 766 3274 debeo
797 3190 991 3303 religionis
1011 3218 1024 3290 3
1057 3190 1268 3297 majoribus
1291 3218 1422 3276 autem
1448 3194 1584 3277 nostris
1605 3252 1624 3295 ,

227 3311 346 3391 etiam
369 3302 470 3391 nulli
492 3308 641 3389 ratione
662 3298 841 3409 redditi,
865 3303 1038 3390 credere.

1514 3423 1625 3505 Tum

229 3634 441 3715 grammaticos.
477 3633 661 3713 Propertius,
688 3634 737 3693 lv.
761 3633 833 3712 Eleg.
855 3635 910 3691 XI.
941 3656 975 3693 an
992 3636 1034 3702 its,
1053 3653 1112 3712 quae
1125 3630 1226 3691 rantlrm
1243 3636 1270 3693 id
1296 3640 1365 3715 quod
1386 3641 1490 3697 viderur
1503 3637 1620 3715 sequun-

233 3736 303 3776 ror.
320 3722 372 3775 um
388 3722 472 3797 digna
488 3718 625 3786 mrendo,
638 3714 695 3773 δίε.
713 3711 906 3783 Tibullus,in
927 3733 1011 3783 rur,
1041 3735 1087 3773 nec
1133 3714 1227 3773 halrer'rr
1255 3714 1326 3793 {stiur
1358 3738 1440 3777 artem
1476 3719 1588 3794 vgllram
1607 3758 1619 3786 ‚,

227 3797 393 3879 Panegyrit.
405 3798 471 3861 vers
490 3822 519 3872 4.
539 3799 615 3857 rami
638 3794 691 3873 fim
717 3797 829 3853 condior
847 3794 908 3855 alli.
928 3791 996 3875 'qud
1015 3815 1085 3853 vera
1106 3790 1142 3855 ό*
1162 3794 1232 3873 falfir
1250 3796 1411 3873 dijudicent.
1448 3799 1506 3858 Ubi
1527 3800 1620 3869 dijrali·

229 3876 279 3937 Sic
298 3876 374 3939 enirn
391 3880 559 3961 legendum.
577 3878 614 3935 Et
629 3874 696 3936 vers
717 3894 764 3950 37.
794 3879 846 3933 Sim
867 3879 909 3934 vi·
928 3877 1019 3935 ‘candi
1037 3880 1082 3935 vis
1095 3874 1198 3935 artibus
1219 3876 1380 3939 adscribitur
1399 3902 1409 3945 r
1429 3898 1461 3942 ut
1481 3880 1515 3938 in
1533 3880 1620 3951 loco,

224 3958 287 4020 {lor
302 3964 330 4018 r'n
349 3963 409 4022 illis.
426 3967 493 4036 Quo
513 3960 595 4039 patio
608 3978 644 4017 ex
654 3956 707 4035 fim
726 3958 826 4015 hercrde
845 3976 907 4034 pro·
942 3977 1033 4035 queru-
1048 3956 1212 4026 narramus,
1227 3959 1346 4022 orationi
1367 3962 1534 4023 cohortatio.
1560 3963 1621 4019 Dn-

227 4040 356 4110 venerit‚
372 4040 401 4118 fi
414 4065 454 4101 me
473 4042 595 4111 kemele,
619 4038 687 4117 quid
704 4057 776 4115 opus
804 4036 844 4098 est
861 4057 911 4098 err-
947 4056 1058 4100 vrsrus.
1089 4038 1160 4097 Non
1175 4037 1254 4097 aliter
1274 4039 1347 4098 infra
1364 4062 1424 4121 cap.
1448 4062 1502 4122 35.·
1529 4046 1621 4101 Invita

227 4120 336 4199 plicare
356 4122 371 4181 ἓ
391 4126 555 4184 Buarrrrrus.
945 4118 1064 4197 versant
1080 4120 1170 4177 oratio.
1188 4117 1302 4181 Tuscul.
1314 4124 1335 4181 Ι.
1351 4140 1398 4196 46.
1421 4132 1462 4185 Ita
1481 4144 1546 4183 terra
1556 4123 1622 4199 firm

276 4222 303 4279 3.
335 4206 508 4286 orationique
533 4200 593 4273 eci,
627 4222 686 4281 quae
712 4220 753 4257 me
777 4202 805 4259 in
838 4218 911 4284 pero-
944 4202 1128 4281 quedamvrut
1148 4220 1178 4258 ea
1190 4200 1280 4279 figiar
1305 4200 1341 4265 ὁ*
1366 4206 1514 4286 reformidet
1533 4207 1629 4263 oratio..

229 4286 317 4342 raudo
344 4286 543 4356 cohortabatur]
587 4281 745 4341 Lambinus
774 4300 913 4359 reponen-
945 4280 1016 4343 lbid.
1038 4278 1140 4359 Suisse
1159 4282 1279 4343 latrdlbur
1293 4288 1481 4347 viraoccilrrrs
1502 4283 1623 4361 consolari

220 4366 305 4445 ‚dum
320 4366 443 4442 putavit,
459 4363 513 4449 qud
529 4387 569 4424 me
588 4368 617 4422 in
633 4364 782 4501 perorando
796 4366 912 4423 colrorra-
942 4362 1029 4447 potest.
1045 4365 1133 4421 Amat
1155 4362 1232 4424 hunc
1258 4362 1369 4428 dicendi
1391 4386 1527 4430 ornatum·
1543 4364 1626 4425 Cice·

229 4446 312 4506 baris.
342 4449 381 4517 Ar
399 4447 555 4511 mutatione
582 4444 641 4513 nihl
676 4441 716 4501 est
738 4463 811 4521 opus
830 4466 840 4508 ‚·
861 4465 911 4505 cur
944 4466 996 4516 ro,
1022 4442 1145 4521 apuleis
1167 4464 1337 4507 mutuatum.
1358 4453 1544 4510 Anonruus.
1676 4452 1678 4457 '

229 4526 314 4587 enim
330 4529 418 4591 orario
437 4526 577 4591 cohortari
599 4544 656 4585 non
680 4523 802 4595 dicatur,
817 4525 913 4587 nullus
986 4550 1014 4599 4.
1036 4530 1070 4584 In
1085 4526 1135 4585 illu
1147 4532 1259 4586 oratione
1276 4530 1352 4589 nobili
1369 4538 1381 4601 ]
1402 4531 1575 4591 Orationem·
1589 4530 1631 4589 de*

227 4607 328 4669 video.
346 4611 483 4674 Similiter
500 4610 593 4672 noster
617 4606 703 4674 Acad.
720 4606 761 4693 ll.
773 4626 820 4685 33.
839 4611 913 4689 Quid
936 4604 1086 4687 ¹Collegi'u
1103 4600 1254 4688 intelligit,
1273 4630 1363 4687 quam:
1385 4614 1523 4676 aureolam
1544 4626 1626 4669 vocat

212 4689 277 4773 fier
300 4689 430 4754 artibus?
450 4695 542 4775 quidm
562 4694 577 4753 ,ἲ
596 4688 747 4768 usumque
760 4686 815 4769 ipse
825 4686 911 4758 saten-
944 4687 1037 4759 insta,
1056 4708 1118 4765 cap.
1134 4707 1180 4759 17.
1209 4692 1276 4767 Ejus
1297 4690 1430 4759 habende
1451 4688 1634 4763 occaliouemr

241 4789 289 4833 tur
306 4770 452 4845 conlisuri
465 4774 495 4857 se
513 4776 574 4857 glos
606 4773 661 4841 uri,
680 4766 762 4851 qaum
779 4766 917 4851 scientis?
935 4766 1065 4851 exponit
1084 4770 1139 4833 lib.
1153 4772 1184 4832 de
1201 4775 1309 4835 Amicii
1330 4794 1391 4855 cap.
1410 4793 1462 4848 ro.
1479 4778 1593 4835 Duum
