4259 5592
318 528 326 539 .
428 391 1308 595 [ratusruuuous.
1502 462 1582 580 393

188 667 446 753 concretum,
469 647 511 735 &
533 640 635 735 cuni·
646 655 744 759 airis
765 653 1002 738 extremitate
1024 650 1286 767 conjungitur.
1552 751 1556 761 ,

251 758 295 849 ln'
313 767 452 868 athera
473 784 605 848 autem
626 766 722 853 astra
748 765 963 855 volvuntur
984 799 996 853 ε
1021 794 1110 881 qua
1136 769 1172 851 se
1202 760 1362 852 &nixu
1385 762 1456 851 fito
1484 790 1587 855 con·-
1603 784 1662 807 ···

192 874 350 994 globata
372 878 599 965 continent:
625 882 670 967 u
691 877 819 968 formai
843 876 926 996 ipsi
939 877 1194 996 ²liguritque,
1214 878 1280 966 sua
1298 899 1498 992 momenta
1509 879 1587 975 sus-
1603 833 1662 931 4⁶

193 1014 372 1079 remant..
395 999 493 1077 Sunt
514 995 621 1076 enim
641 993 836 1081 rotunda:
863 995 1007 1110 quibus
1023 994 1180 1097 formis,
1205 1017 1249 1080 ut
1270 994 1358 1079 ante
1375 994 1587 1111 dixissevig-

190 1107 313 1211 deor,
330 1108 498 1209 ⁶minime
513 1110 648 1191 noceri
670 1106 806 1221 potest.
842 1115 941 1195 Sunt
963 1130 1094 1193 autem
1107 1103 1367 1199 stellanaturi
1386 1110 1585 1217 flammea.

193 1225 396 1345 Qiocirca
419 1243 526 1306 terra
541 1285 559 1325 ,⁴
579 1226 719 1325 matis,
739 1218 1169 1336 aquarumvaporibus
1193 1221 1346 1307 aluntur
1369 1224 1413 1307 iis
1428 1278 1441 1324 ‚
1458 1222 1533 1339 qui
1559 1226 1586 1313 ἅ

191 1334 270 1421 sole
290 1363 340 1421 ex
360 1340 463 1450 agris
482 1336 704 1447 repentio,
726 1338 825 1423 &ex
841 1342 958 1452 aquis
976 1340 1191 1423 excitantur
1204 1334 1384 1448 :quibus
1394 1336 1505 1442 alta,
1524 1364 1587 1423 re·

192 1446 427 1565 sinuataque
449 1450 583 1555 stella,
606 1474 725 1564 atque
737 1460 865 1540 omnis
879 1455 1020 1553 ather,
1040 1450 1253 1537 refundunt
1270 1448 1435 1555 eadem,
1447 1450 1487 1537 δι
1500 1480 1586 1539 rur·

191 1565 276 1649 sum
297 1570 454 1651 trahunt
476 1564 679 1669 indidem,
694 1566 788 1651 nihil
804 1591 848 1654 ut
867 1565 947 1655 fere
960 1571 1149 1671 intereat,
1168 1588 1239 1653 aut
1252 1564 1474 1651 admodum
1485 1594 1586 1680 pau·

190 1674 340 1784 lulum,
367 1676 481 1793 quod
505 1680 697 1781 astrorum
718 1681 845 1795 ignis,
869 1677 918 1767 'u
941 1682 1088 1768 atheris
1107 1680 1266 1767 flamma
1288 1680 1499 1767 consumat
1528 1684 1586 1765 Ex

191 1824 278 1913 quo
305 1788 535 1908 etknturum
557 1795 678 1880 nostri
699 1814 839 1905 putant
859 1793 929 1900 id,
956 1792 1008 1879 de
1028 1823 1115 1909 quo
1145 1792 1356 1881 Panaetium
1377 1792 1586 1881 addubita-

192 1938 236 2019 re
261 1908 476 2009 dicebam.
489 1931 535 1992 ut
551 1906 605 1993 ad
626 1929 843 1995 extremum
866 1908 995 1995 omnis
1027 1907 1199 1995 mundus
1228 1909 1463 2023 ignesoeret,
1490 1904 1586 1994 cim

191 2027 361 2111 humore
388 2019 650 2136 consumpto,
680 2048 813 2138 neque
842 2047 942 2111 terra
966 2022 1015 2109 ali
1045 2024 1201 2135 pollet,
1241 2050 1371 2137 neque
1397 2044 1584 2109 remearet

191 2146 259 2226 a'e‘r
275 2168 289 2239 ·,
306 2138 415 2247 cujus
434 2135 568 2242 ortus,
588 2132 692 2249 aqui
718 2142 829 2224 omni
849 2132 1059 2237 exhausti,
1081 2138 1161 2221 elle
1190 2165 1273 2223 non
1288 2138 1415 2251 pollet
1423 2168 1438 2223 t
1459 2142 1585 2223 itare-

189 2256 318 2367 linqui
342 2250 438 2337 nibil
466 2275 601 2363 prater
619 2254 784 2364 ignem:
811 2256 835 2339 i
887 2281 944 2339 uo
965 2252 1113 2367 nusum
1127 2256 1348 2357 animante,
1367 2280 1414 2337 ac
1427 2248 1585 2339 deote-

44 2430 52 2445 .
192 2372 360 2456 novatio
390 2362 532 2451 mundi
545 2366 684 2469 fieret,
710 2372 829 2482 atque
848 2282 955 2453 iiam
978 2388 1138 2461 ornatus
1153 2362 1328 2453 oriretur.

98 2588 108 2597 α
191 2516 204 2561 ;·
252 2484 366 2572 Nolo
388 2486 429 2566 in
447 2478 807 2567 ttelmum'raione
835 2482 994 2575 multus..
1007 2477 1124 2589 vobis
1159 2479 1314 2585 videri,
1336 2482 1586 2595 maximique

191 2612 363 2699 earum,
388 2606 619 2710 quaenare
640 2593 835 2701 dicuntur.
864 2604 1045 2719 Qarum
1068 2595 1270 2711 tantusell
1296 2592 1586 2705 coutentusex

187 2712 440 2822 dilliinillimis
457 2709 659 2813 motibus,
679 2734 749 2817 ut,
768 2712 862 2797 c'tirn
886 2714 1035 2799 summa
1056 2708 1209 2797 Saturni
1234 2708 1428 2825 refrigeret
1452 2708 1466 2816 ,⁴
1495 2728 1585 2795 me·

190 2828 263 2914 dia
289 2829 420 2913 Martis
443 2823 644 2933 intendat,
665 2824 726 2910 his
746 2826 938 2936 irretietla
967 2832 1074 2951 lovis
1098 2824 1279 2927 ilustret,
1307 2826 1346 2909 &
1366 2849 1584 2941 temperet,

187 2930 378 3055 infrique
390 2948 555 3029 Martem
572 2938 661 3024 dua
685 2940 765 3026 Soli
781 2938 968 3027 obediant
980 3004 995 3047 ,
1002 2940 1095 3144 ¹qqqse
1119 2939 1184 3025 Sol
1205 2937 1399 3039 mundum
1417 2954 1585 3029 omnem

187 3046 266 3146 stra
280 3056 367 3143 luce
388 3053 604 3169 compleat,
623 3050 681 3137 'ab
704 3058 837 3169 eoque
861 3062 971 3143 Luna
1006 3063 1015 3081 ’
1069 3053 1220 3155 minata„
1240 3053 1511 3169 graviditates,
1529 3054 1586 3141 ’δι

185 3196 330 3290 partus¹
346 3172 504 3273 afferat,
527 3169 835 3282 maturitatesque
853 3171 1052 3285 gignendi.
1082 3176 1184 3292 Qtae
1205 3168 1411 3287 'copulatio
1433 3198 1584 3277 rerum,

188 3292 234 3377 ἃ
254 3289 360 3402 'quali
375 3286 619 3374 consentiens
638 3282 691 3369 ad
713 3284 854 3373 mundi
869 3279 1175 3373 incolumitatem
1199 3285 1487 3399 coagmentatio
1507 3316 1586 3373 na·
1625 3335 1629 3345 ·

184 3410 288 3606 tsturae
301 3468 314 3510 ‚
327 3474 333 3483 .
345 3431 465 3601 qqem
489 3428 575 3486 non
592 3400 753 3498 mov'et3
772 3402 879 3488 hunc
901 3404 1047 3493 horum
1066 3398 1159 3487 nihil
1181 3400 1586 3523 unquamreputavis-

254 3522 361 3606 certo
389 3524 468 3607 cio.
504 3586 508 3597 .
609 3553 613 3562 ’
881 3568 889 3587 ·

192 3674 200 3713 ;
249 3641 361 3749 Age,
384 3658 429 3720 ut
449 3637 473 3719 ti
497 3629 707 3721 ouleliibus
730 3634 846 3722 rebus
865 3636 917 3723 ad
936 3636 1124 3723 terrestres
1147 3635 1380 3727 veniamus:
1410 3626 1508 3749 quid
1528 3630 1658 3775 esti?

180 3748 231 3843 in
254 3749 335 3859 his,
365 3754 406 3835 in
428 3748 620 3862 quo'non
641 3772 783 3837 nauata
803 3750 902 3839 ratio
924 3748 1166 3866 intelligentis
1193 3762 1400 3862 appareat?
1438 3750 1586 3836 Princi-

181 3867 290 3981 pio,
312 3890 477 3968 eorum,
503 3868 592 3978 qua
620 3864 1004 3979 gignunturtter'ra‚
1019 3868 1152 3979 stirpes
1165 3926 1179 3969 ,
1193 3862 1481 3971 &stabilitatem
1491 3862 1586 3971 dant

179 3979 261 4083 iis,
286 3981 375 4095 qu'ae
399 3979 606 4091 sustinent,
626 3980 665 4065 δι
683 4007 734 4065 ex
762 4001 862 4067 terra
881 3981 1040 4070 succum
1051 3982 1234 4081 trahunt,
1258 4008 1343 4093 quo
1353 3976 1586 4081 alanturea,

179 4122 282 4209 qua
309 4093 504 4181 radicibus
524 4093 774 4181 continentur
794 4128 806 4182 ε
826 4094 1166 4211 obducunturque
1183 4090 1311 4199 libro,
1342 4114 1410 4180 aut
1440 4088 1588 4181 cortice

179 4207 346 4313 trunci,
371 4239 457 4324 quo
478 4210 550 4296 srnt
572 4214 596 4296 i
617 4206 828 4326 frigoribus
849 4210 891 4297 8(
905 4211 1099 4299 caloribus
1116 4211 1290 4296 tutiores.
1317 4214 1397 4329 jam
1418 4209 1515 4295 vero
1528 4211 1591 4293 vi·

177 4328 249 4411 tes
276 4325 328 4410 srs
339 4324 531 4411 claviculis
550 4322 808 4433 adminicula,
827 4326 1016 4442 tanquam
1035 4320 1241 4428 manibus,
1265 4320 1590 4438 apprehendunt,

176 4439 367 4549 atquele
391 4439 444 4525 ita
466 4443 620 4551 erigunt
627 4502 641 4544 ‚
662 4464 708 4525 ut
727 4441 951 4529 animantes
980 4440 1092 4569 Qin
1108 4442 1224 4524 etiam
1237 4444 1261 4525 a
1274 4436 1473 4541 caulibus,
1487 4435 1591 4521 bras-
1702 4522 1705 4529 .

173 4557 368 4668 ficisque,
390 4556 420 4641 st
444 4556 571 4670 propi:
589 4556 655 4648 sati
673 4556 771 4659 fint,
790 4582 835 4645 ut
856 4562 882 4645 i
906 4556 1148 4672 pestiferis&
1172 4547 1406 4643 nocentibus
1435 4550 1590 4667 refiige·

175 4700 228 4759 re
260 4670 469 4774 dicuntur,
489 4697 563 4757 nec
584 4698 659 4757 eos
680 4669 753 4755 ulla
778 4698 828 4756 ex
847 4696 957 4785 parte
976 4671 1218 4787 contingere.
1523 4691 1527 4699 ·
1701 4748 1703 4754 .

193 4792 200 4822 ³
249 4784 522 4877 Animantiun
539 4787 635 4877 veri>
660 4809 805 4902 quanta
833 4788 1103 4989 varietfasfqst?
1140 4806 1285 4901 quanta
1320 4782 1484 4879 adeam
1509 4806 1602 4912 rem.

576 4921 581 4929 ’
885 4908 944 5020 lig
1105 4931 1128 4989 π
1506 4926 1594 5001 urs,
