4259 5592
510 413 1297 551 'L'IBEKPRIMUS'
1523 458 1605 543 395

219 606 333 723 quiid
355 627 473 711 eum,
492 632 613 721 quem
633 605 860 706 dileximus,
888 601 974 687 vita
999 601 1223 689 commodis
1241 603 1434 716 privatrrm
1448 608 1612 701 arbitra.

215 752 328 829 mur,
355 722 473 838 idque
500 722 646 809 l'entire.
674 724 805 832 Atque
830 719 912 803 hac
939 719 1003 814 ita¹
1016 715 1197 804 sentirnus
1220 718 1356 805 natturl
1373 724 1604 835 duce‚nul-

215 832 421 925 litatione
444 835 627 948 nullique
652 830 839 921 deonna
937 918 941 931 x
1602 936 1606 943 ¹

224 964 229 975 '
273 955 489 1052 Maximtun
516 954 611 1035 verb
626 968 902 1065 'argumentum
930 946 1009 1051 est,
1027 946 1345 1063 murram-ipbrn
1367 952 1673 1059 deimmorss...

213 1064 355 1151 talitare
377 1064 597 1151 animorum
626 1068 778 1149 tacitam
802 1061 999 1174 judicare,
1021 1062 1134 1177 quod
1156 1062 1342 1151 omnibus
1366 1097 1468 1155 cura
1493 1070 1604 1179 sum,
1621 1076 1673 1149 ι4

212 1178 253 1265 dr
277 1178 446 1265 maximi
473 1178 660 1293 quidem,
683 1208 770 1293 qua
792 1177 1072 1287 postmortem
1095 1178 1224 1264 futura
1249 1179 1331 1265 smt
1366 1183 1464 1267 Sm't
1493 1187 1606 1271 arbr-
1689 1250 1698 1272 ..

214 1322 272 1377 rer
283 1356 297 1397 ,
320 1323 400 1409 quc
417 1292 530 1377 alteri
539 1296 664 1396 seculo
677 1297 837 1405 prostnt,‘
865 1314 910 1378 ut
931 1295 984 1378 ait
1001 1295 1141 1379 Statius
1156 1293 1198 1376 in
1224 1293 1490 1409 Synephebis:
1505 1300 1605 1413 quid

214 1406 406 1523 speslans,
431 1408 500 1493 nist
520 1412 636 1495 etiam
664 1411 816 1521 postera
840 1405 963 1493 secula
982 1404 1033 1491 ad
1061 1406 1333 1522 sepertinere?
1355 1414 1461 1525 Ergo
1483 1414 1605 1501 arbo-

213 1540 272 1607 res
298 1524 390 1609 seret
414 1522 577 1637 diligens
609 1522 805 1637 agricola,
828 1550 994 1637 quarum
1013 1518 1194 1635 adspiciet
1217 1518 1377 1609 baccam
1402 1524 1480 1640 ipse
1499 1558 1605 1613 nun-

212 1664 356 1751 quam:
394 1640 453 1723 vir
483 1666 648 1751 magnus
668 1638 796 1751 leges,
822 1636 1023 1741 instituta,
1055 1635 1333 1751 rempublicam
1366 1668 1451 1727 non
1475 1640 1602 1734 seret?

211 1749 324 1949 (quid
361 1758 583 1865 procreat-io
612 1748 849 1857 liberorum,
883 1749 984 1864 quid
1009 1751 1247 1866 propagatio
1280 1754 1476 1859 nominis,
1504 1757 1604 1871 quid

211 1892 236 1949 a
265 1870 448 1978 optiones
475 1864 672 1971 liliorum,⁴
693 1864 792 1981 quid
817 1866 1130 1952 testamentorum
1155 1864 1379 1979 diligentia,
1400 1869 1499 1983 quid
1522 1871 1604 1983 ipsa

206 1978 474 2092 sepulcrorum
498 2002 780 2087 monumenta,
804 1978 904 2092 quid
929 1980 1055 2095 elogia
1079 1978 1320 2094 significant,
1344 1984 1414 2067 nist
1430 2012 1506 2068 nos
1538 1984 1604 2071 fir-

207 2115 296 2179 tura
320 2098 435 2180 etiam
460 2124 511 2182 co
542 2099 658 2187 itare?
685 2095 798 2223 Qid
825 2094 953 2181 illudi
976 2123 1072 2179 num
1095 2092 1276 2200 dubitas,
1292 2100 1391 2209 quin
1410 2097 1604 2209 specimen

215 2226 363 2306 natura
388 2214 476 2323 capi
499 2126 635 2295 eiectat
656 2236 705 2293 ex
731 2208 1062 2325 optimaquaque
1088 2219 1247 2300 naturai
1284 2216 1387 2331 (ζωῷ
1407 2212 1462 2295 est
1484 2216 1603 2325 igitur

207 2320 345 2411 melior
367 2323 643 2410 inhominum
667 2350 808 2439 genere
831 2346 1002 2428 natura,¹
1020 2326 1142 2437 quim
1169 2352 1343 2431 eorum,
1396 2325 1439 2409 ui
1463 2326 1499 2409 se
1531 2355 1603 2423 na-

209 2458 275 2524 tos
299 2436 351 2523 ad
371 2438 552 2525 homines
575 2437 791 2547 iuvandos,
813 2435 1027 2541 mtandos,
1046 2436 1333 2524 conservandos
1344 2354 1600 2531 arbitrantur?

208 2548 385 2657 Abiitad
417 2553 521 2640 deos·
535 2551 732 2640 Hercules.
761 2559 978 2667 Nunquam
998 2550 1171 2657 abiisset,
1193 2554 1282 2655 nifi,
1297 2559 1391 2639 edm
1403 2552 1504 2669 inter
1524 2558 1604 2643 ho·

208 2671 333 2753 mines
355 2668 472 2773 esset,
497 2695 582 2753 eam
608 2666 680 2753 srbi
706 2672 810 2754 viam
830 2667 1063 2775 munivisset.¹
1105 2671 1243 2753 Vetera
1264 2669 1337 2780 jam
1357 2669 1426 2754 ilia
1449 2670 1489 2754 &
1515 2670 1603 2757 rcli-

207 2786 331 2895 gione
355 2781 535 2868 omnium
558 2784 788 2869 consecrata.
1647 2850 1650 2853 ·

215 2976 219 2984 .
268 2896 380 3094 (quid
411 2902 452 2982 in
474 2898 548 3005 hac
572 2896 769 3009 republica
792 2920 852 2985 tot
873 2898 1078 3007 tantosque
1101 2899 1205 2983 viros
1237 2894 1292 2981 ob
1326 2894 1672 3011 rempublicam-

204 3012 305 3095 inter
323 3014 429 3097 euos
442 3011 625 3127 cogitasse
637 3009 897 3101 arbitrarius?
910 3012 1095 3098 lisdtmne
1106 3034 1151 3098 ut
1162 3006 1304 3097 finibus
1318 3015 1465 3097 nomen
1476 3014 1608 3120 suurn.
1621 2988 1666 3061 ¹5

206 3122 356 3237 quibus
384 3126 463 3213 vita
478 3190 492 3232 ‚
507 3133 796 3217 terminaretur?
826 3134 959 3213 Nemo
983 3153 1160 3239 unquam
1184 3127 1263 3211 srne
1287 3155 1428 3241 magna
1446 3125 1511 3240 spe
1525 3129 1603 3213 im-

205 3240 446 3327 mortalitatis
472 3242 601 3355 sepro
625 3246 747 3358 patria
769 3244 924 3330 offerret
946 3240 997 3326 ad
1019 3264 1196 3326 mortem.
1224 3240 1350 3329 Licuit
1369 3242 1446 3327 else
1472 3242 1602 3347 otioso

206 3354 482 3459 Themistocli,
500 3356 607 3445 licuit
634 3356 935 3471 Epaminondae,
962 3354 1094 3458 licuit,
1122 3382 1172 3438 ne
1195 3356 1388 3441 &vetera
1416 3358 1456 3441 ὃ(
1475 3382 1604 3444 exter-
1712 3400 1716 3406 ·

205 3500 258 3557 na
328 3498 484 3579 param,
511 3470 631 3557 mihi:
649 3471 713 3558 sed
740 3471 979 3587 nescioquo
1004 3466 1133 3555 modo
1155 3472 1312 3555 inhaeret
1335 3474 1376 3556 in
1406 3470 1608 3559 mentibus

208 3616 235 3699 q
306 3619 329 3671 r.
345 3586 561 3672 seculorum
582 3586 788 3699 quoddam
810 3585 1020 3701 augurium
1041 3587 1284 3686 futurorum3
1313 3582 1432 3700 idque
1453 3591 1496 3671 iu
1517 3617 1613 3672 ma-·

209 3705 322 3787 xlmis
341 3700 508 3815 ingeniis
527 3700 774 3817 altissimisque
797 3701 933 3787 animis
958 3699 1362 3806 tumultuarius,
1383 3701 1422 3786 ἃ
1445 3723 1614 3816 apparet·

207 3814 399 3904 facillimi.
429 3822 527 3927 Quo
547 3813 710 3932 quidem
730 3816 920 3930 dempto,
944 3818 1032 3930 quis
1053 3838 1134 3920 tam
1146 3815 1238 3899 esset
1252 3842 1382 3902 arnens
1394 3878 1408 3920 ,
1422 3817 1493 3931 qui
1507 3816 1605 3902 sem-

214 4061 221 4070 ·
334 3929 438 4015 Tom.
467 3930 532 4016 II.
699 3960 733 4022 ᾗ
1047 3937 1146 4043 Qq
1532 3959 1604 4045 ρετ

210 4172 307 4248 quitur
319 4170 368 4233 vel
373 4170 413 4251 fic
421 4210 431 4241 ‚
447 4170 494 4232 vel
507 4176 559 4244 ira,
582 4176 628 4234 vel
644 4174 705 4235 ulla
726 4175 780 4235 alia
801 4174 894 4252 hujus-
925 4176 1000 4235 derru
1013 4174 1102 4255 affini
1111 4172 1334 4253 urfirmffmrrrrr,
1347 4171 1378 4232 id
1392 4170 1450 4242 est,
1468 4189 1602 4251 nuquam

211 4252 298 4315 modi
310 4252 462 4330 particula,
488 4251 646 4317 Lambinus
659 4254 764 4317 censuit
775 4254 894 4327 scriben-
925 4254 1118 4317 firmissimum
1138 4256 1296 4314 Paracrus.

208 4336 288 4395 duna
299 4332 715 4417 fuilscmtporrbfimilsmurm
736 4336 894 4399 Celeberri-
968 4358 1015 4407 ²9·
1038 4340 1094 4397 Nec
1114 4334 1221 4395 verbid
1243 4335 1620 4402 admonuissemus.

207 4407 280 4475 nius
301 4414 368 4475 verb
389 4414 527 4477 Buhcrius
547 4415 644 4498 (cujus
670 4418 701 4479 ὅ(
721 4417 893 4483 acumini&
926 4417 1057 4498 cousensus
1070 4416 1172 4501 ¹qlicit]
1193 4414 1330 4507 consessu
1344 4435 1379 4475 ex
1400 4414 1601 4475 collocutione.

199 4495 348 4557 dostrinae
383 4495 509 4558 multum
539 4500 645 4561 debent
675 4500 718 4560 ha
748 4500 896 4580 Tusmlaaoe
927 4498 1221 4579 Irascnrr'srrtornnec,
1237 4494 1327 4574 lnquit
1342 4498 1438 4557 Petrus
1452 4493 1624 4565 victorius„

202 4576 421 4659 dalpusuuues,
442 4596 475 4639 ut
501 4580 534 4640 ὅ(
563 4580 629 4643 libri
649 4582 682 4641 de
699 4584 806 4643 Natura
826 4586 897 4643 Das*
927 4584 1054 4663 quamvis
1068 4578 1190 4658 conserfio
1203 4578 1277 4638 urrlla
1291 4574 1603 4657 homiminrercafferir,

196 4660 301 4736 rum)
324 4657 395 4739 legit
406 4666 442 4720 Et
456 4660 535 4742 porri
542 4661 582 4745 fu
614 4667 725 4723 'um
746 4660 898 4741 Mihiqui-
930 4662 1144 4742 mqmltairrttr
1154 4655 1247 4752 s‘ff
1301 4663 1404 4740 igcrr'rrt.
1423 4659 1604 4735 Itaquecon·

200 4742 288 4801 dem
303 4738 377 4799 nihil
388 4743 558 4806 mutandum
579 4742 607 4804 ri
628 4760 706 4813 etur,
725 4740 745 4802 li
762 4742 820 4805 hac
839 4741 899 4823 pos-
930 4740 1020 4803 sensus
1034 4740 1255 4819 hicalipasirm
1318 4758 1351 4802 ut
1364 4737 1509 4820 jtuisperiri
1517 4739 1606 4819 vulgi
1684 4745 1686 4758 ¹

197 4818 320 4884 siresa
331 4820 666 4895 conllrufficsenrenria‚
690 4826 837 4907 llarpnrrb
855 4829 901 4898 vs,
913 4896 916 4902 ,
929 4822 1103 4916 loquuntur}
1118 4826 1263 4887 mutatio
1283 4826 1466 4891 nonanus.
1598 4851 1606 4887 ε
