4259 5592
513 426 800 565 LIBER
857 428 1290 519 TERTIUS.
1340 524 1406 541 Η
1526 450 1604 549 62ιί

210 608 441 731 tu'quidem
466 610 647 722 stridim,
669 611 787 703 nostri
809 636 940 702 autem
956 615 1088 707 ¹multa
1112 615 1232 705 solent
1257 613 1397 719 dicere.
1446 616 1523 704 Sed
1558 620 1610 705 ab

211 730 287 816 hac
334 727 540 835 uastione,
564 757 651 845 qua
678 720 850 817 nuncin
876 726 1054 825 manibus
1081 732 1160 837 est,
1187 732 1416 844 separantur.
1448 738 1607 851 Quare,

214 842 243 929 st
270 756 445 947 videtur,
471 843 553 929 noli
572 870 687 959 agere
710 843 894 934 confuse:
918 868 961 933 ut
983 848 1063 933 hoc
1087 844 1324 960 explicemus
1347 848 1420 933 hac
1434 843 1607 961 disputa-

215 959 348 1060 tione,
374 955 488 1069 quod
509 964 705 1073 quaritur.

273 1068 458 1183 Optime,
477 1070 607 1186 inquit
620 1078 752 1161 Cotta.
784 1080 918 1190 ltaque
937 1075 1130 1192 quoniam
1146 1098 1319 1190 quatuor
1342 1077 1383 1160 in
1405 1094 1531 1189 partes
1542 1098 1609 1163 to-

215 1206 295 1271 tam
319 1184 572 1297 quaestionem
596 1185 778 1294 divifisti,
805 1188 856 1273 de
879 1195 1085 1305 primique
1100 1190 1294 1294 diximus,
1320 1191 1608 1289 confideremus

215 1296 448 1387 secundam:
466 1327 554 1501 quae
572 1304 668 1389 mihi
680 1302 762 1389 talis
785 1303 939 1390 videtur
960 1306 1096 1410 fuisse,
1114 1327 1179 1410 ut,
1197 1300 1290 1411 citm
1310 1305 1512 1392 ostendere
1526 1304 1609 1389 vel-

215 1410 295 1517 les,
318 1413 449 1530 quales
499 1414 689 1522 bellent,
711 1418 932 1503 ostenderes
969 1420 1096 1522 nullos
1131 1420 1219 1505 else.
1263 1426 1298 1504 A
1326 1418 1611 1507 consuetudine

216 1531 320 1613 euim
348 1530 557 1617 oculorum
586 1534 763 1619 animum
800 1530 993 1621 abducere
1017 1533 1292 1619 difficillimum
1311 1531 1490 1622 dicebas:
1516 1533 1610 1639 sed,

216 1646 313 1727 cum
342 1641 421 1731 deo
448 1647 540 1731 nihil
561 1646 798 1761 prestantius
814 1650 929 1752 esset,
954 1677 1037 1735 non
1061 1645 1292 1753 dubitabas,
1317 1652 1415 1763 quin
1437 1648 1615 1756 mundus
1685 1657 1687 1660 ’

217 1757 310 1842 esset
324 1755 448 1864 deus,
470 1789 554 1875 quo
577 1763 608 1805 ¹⁵
624 1762 716 1847 nihil
728 1766 770 1846 in
785 1790 912 1848 tetum
933 1785 1069 1849 natura
1087 1763 1222 1849 melius
1241 1764 1358 1865 elset3
1375 1762 1501 1851 modb
1514 1764 1609 1877 pos-

217 1870 344 1957 semus
370 1899 462 1959 eum
481 1874 715 1961 animantem
743 1904 795 1963 co
825 1876 948 1982 itare,
975 1877 1035 1961 vel
1059 1881 1221 1990 potitis,
1240 1899 1284 1963 ut
1304 1901 1436 1965 cetera
1462 1878 1613 1982 oculis,
1666 1946 1670 1958 .

216 1985 268 2071 lic
288 1992 420 2075 animo
443 1990 523 2076 hoc
548 2017 712 2081 cernere.
741 1907 822 2087 Sed
845 1998 940 2096 etim
967 1990 1121 2078 mundo
1148 2019 1266 2105 negas
1292 1992 1511 2107 quidquam
1537 1993 1613 2077 else

217 2100 378 2205 melius,
402 2102 501 2216 q··id
521 2103 618 2191 dicis
647 2104 802 2197 melius?
830 2110 869 2193 Si
889 2104 1114 2220 pulchrius,
1137 2110 1327 2193 assentior.
1358 2110 1397 2193 Si
1419 2110 1546 2221 aptius
1559 2106 1613 2191 ad

218 2215 396 2301 utilitates
425 2218 597 2324 nostras,
621 2218 664 2304 id
690 2220 856 2336 quoque
877 2220 1068 2307 asstantiot.
1095 2225 1163 2306 Sin
1186 2242 1316 2307 autem
1343 2218 1385 2305 id
1402 2219 1524 2327 dicis,
1550 2226 1613 2307 ni-

219 2330 272 2415 hil
303 2332 379 2416 else
400 2331 555 2420 mundo
577 2333 806 2447 sapientius:
827 2334 934 2420 nullo
955 2334 1086 2423 modo
1107 2336 1262 2448 prorsus
1288 2334 1497 2435 assentior3
1525 2365 1613 2421 non

221 2444 335 2558 qubd
357 2445 513 2533 difficile
533 2449 576 2535 stt
600 2471 772 2536 mentem
791 2450 842 2537 ab
867 2448 990 2537 oculis
1005 2451 1207 2536 sevocare:
1233 2448 1297 2536 sed
1315 2453 1399 2563 qub
1418 2453 1540 2565 magis
1554 2451 1613 2535 se-

221 2589 330 2758 qoco
344 2622 357 2665 ,
381 2588 432 2647 eo
452 2558 579 2647 minin
594 2562 664 2670 id,
692 2562 806 2678 quod
831 2587 875 2652 tu
901 2564 986 2671 vis,
1011 2567 1171 2679 possum
1193 2589 1322 2651 mente
1355 2568 1617 2679 comprehen-

256 2702 330 2760 ere.

280 2788 388 2877 Nihil
413 2796 464 2879 est
487 2792 642 2881 mundo
667 2796 804 2885 melius
834 2798 1026 2885 interum
1052 2819 1199 2886 natura.
1240 2785 1316 2885 Ne
1331 2799 1372 2881 in
1388 2798 1494 2881 terris
1525 2797 1693 2912 qui-‘-

221 2902 316 2990 dem
334 2904 430 2990 urbe
454 2914 589 2995 nostra.
618 2916 727 2997 Num
744 2912 862 3027 igitur
877 2912 1028 3001 ideirco
1049 2918 1092 2997 in
1114 2911 1301 3001 urbeelse
1317 2910 1616 3016 rationem,co·
1643 2878 1670 2953 9

223 3018 478 3135 gitationetn,
498 3047 667 3111 mentem
687 3030 838 3141 putas?
863 3048 951 3131 aut,
979 3030 1169 3143 quoniam
1189 3057 1272 3113 non
1293 3026 1361 3129 srt,
1382 3054 1483 3110 num
1500 3024 1617 3110 idcir·
1687 3078 1695 3089 ·

224 3130 276 3219 co
305 3136 494 3223 existimas
510 3139 715 3239 formicam
739 3140 1056 3254 anteponendam
1072 3142 1148 3225 else
1160 3143 1253 3227 huic
1266 3140 1531 3255 pulcherrima
1551 3156 1617 3223 ur·
1690 3193 1697 3207 ·

224 3246 290 3352 bi,
312 3250 425 3363 qubd
449 3259 489 3338 in
513 3250 609 3339 urbe
630 3254 752 3340 sensus
780 3256 823 3341 srt
850 3256 1001 3360 nulluS,
1025 3261 1064 3339 in
1084 3256 1249 3341 formica
1263 3285 1349 3338 non
1381 3255 1509 3339 modo
1534 3248 1618 3339 sen-¹

225 3363 313 3468 sus,
344 3365 543 3453 sedetiam
564 3397 701 3473 mens,
722 3373 819 3455 ratio
831 3431 845 3472 ,
866 3370 1053 3455 memoria
1064 3373 1089 3452 ,7
1117 3368 1258 3453 Videre
1276 3391 1459 3481 oportet,
1479 3368 1618 3473 Balbe,

232 3478 330 3591 quid
346 3476 413 3567 tibi
436 3482 697 3584 concedatur3
722 3512 805 3569 non
834 3504 873 3565 te
900 3483 1048 3598 ipsum,
1069 3482 1185 3599 quod
1208 3481 1324 3586 velis,
1345 3482 1503 3568 sumere.
1604 3596 1609 3603 ι

285 3593 402 3679 illum
433 3597 538 3681 enim
561 3598 692 3685 locum
716 3621 848 3683 totum
878 3597 935 3683 illa
961 3626 1072 3685 vetus
1096 3600 1271 3685 Zenonis
1300 3592 1448 3701 brevis,
1480 3598 1520 3681 &
1533 3660 1546 3701 ,
1574 3623 1619 3685 ut

228 3702 300 3792 tibi
321 3708 544 3819 videbanu,
563 3735 674 3799 acuta
695 3712 729 3750 ¹⁶
747 3712 947 3799 conclusto
968 3710 1291 3822 dilatavit'Zeno
1315 3709 1419 3793 enim
1441 3714 1501 3908 ital
1514 3741 1618 3909 opn-

385 3860 463 3875 ·’
926 3826 1147 3933 liii3
1467 3826 1611 3915 cuit:

227 4038 398 4111 dducidavr't,
422 4041 471 4101 alii
493 4046 655 4114 declaravit,
671 4044 721 4104 alii
741 4042 903 4103 condam.-
940 4031 1018 4119 ⁵quod
1037 4040 1141 4102 dicam.
1160 4043 1318 4099 Peancrus.
1345 4038 1464 4098 fortasse
1482 4037 1539 4097 hoc
1555 4042 1618 4104 vult

226 4138 329 4181 omnes
346 4118 404 4183 ferd
421 4123 573 4187 statuerunt
584 4144 687 4187 vocem
706 4125 850 4205 vulgatam
864 4126 903 4183 di-
936 4122 1040 4185 Cicero
1062 4144 1072 4183 a
1093 4124 1177 4185 Hunc
1192 4122 1293 4182 locum
1314 4122 1398 4182 Zeno
1419 4117 1569 4196 explicavit
1587 4144 1618 4183 a·

227 4200 323 4262 leave
340 4204 545 4281 repudiandam
567 4208 618 4269 etse
635 4225 753 4285 excepto
776 4196 914 4267 tescaio:
937 4205 1062 4282 liquanto
1080 4202 1278 4281 enumquam
1295 4200 1410 4262 solebat.
1430 4200 1520 4261 Aliter
1536 4200 1617 4263 enim

228 4282 323 4359 perio,
350 4284 398 4363 qui
423 4306 488 4347 eam
508 4287 637 4360 retinuit,
660 4288 822 4366 sensumque
840 4284 904 4347 'loci
941 4287 1036 4347 dilatm
1052 4282 1204 4353 verbosus,
1217 4281 1297 4343 aliter
1307 4280 1513 4359 breviloquens.
1532 4286 1616 4344 Arao-

227 4362 305 4425 bunc
321 4366 416 4427 voluit
438 4368 510 4439 eid,
536 4372 615 4430 breve
646 4390 830 4449 argtonensum
855 4376 903 4427 Ze
938 4386 1013 4428 urst.
1033 4367 1100 4446 Ego
1118 4366 1192 4426 illud
1207 4364 1329 4424 disemo
1346 4364 1424 4423 hunc
1442 4362 1473 4421 in
1490 4366 1615 4426 modurn

227 4452 304 4507 nanis
322 4448 412 4527 anjam
429 4450 474 4509 ribi
501 4452 570 4511 dedit
590 4454 624 4511 ai
652 4453 735 4510 locum
754 4453 828 4531 illum
846 4470 904 4510 am-
939 4447 1126 4527 interpretott
1144 4445 1193 4507 Sic
1208 4443 1619 4525 expreffirmtdiundonissa-

227 4529 265 4609 pti
295 4532 403 4591 endunt.
433 4530 514 4591 Olim
547 4535 721 4613 conjeceram
748 4533 905 4615 legendum
941 4530 974 4589 tis
991 4530 1094 4609 ample
1106 4526 1203 4589 vicem
1222 4524 1382 4606 prestiteris.
1400 4525 1613 4587 Zenoniseon·

228 4628 247 4669 e
266 4629 296 4683 e,
310 4618 385 4673 aetite
402 4612 524 4691 conclusio
548 4636 609 4677 non
638 4615 760 4673 ddarevis
779 4640 787 4672 .·
806 4634 905 4674 utnon
940 4610 1027 4673 clufio
1046 4611 1082 4672 sic
1099 4610 1263 4672 continebat
1283 4626 1375 4686 partes
1388 4626 1490 4669 omnes
1506 4608 1565 4668 loci
1581 4609 1616 4666 ila
1715 4642 1724 4653 =

226 4692 336 4752 ¹dilatare
356 4696 439 4755 locum
461 4714 543 4755 totum
562 4694 695 4777 fig'nificet
709 4714 777 4757 eum
801 4692 907 4757 nonsa-
939 4693 1015 4765 lius,
1029 4696 1071 4753 de
1080 4701 1145 4771 'quo
1165 4692 1214 4751 hlc
1231 4688 1358 4769 loquitar
1379 4690 1469 4749 Cotta
1484 4706 1559 4762 ,nt
1572 4698 1647 4749 rou·
1718 4722 1723 4729 ·

226 4771 263 4835 tis
280 4772 431 4846 illustrate,
448 4776 480 4836 &
505 4776 537 4837 in
557 4777 691 4840 omnibus
709 4775 763 4837 suis
781 4775 904 4855 partibus
943 4794 1005 4836 rum
1021 4774 1105 4835 illum
1121 4773 1221 4836 locum
1235 4768 1533 4855 qualipoeficetetac
1546 4790 1621 4859 paup
1706 4808 1722 4818 ··

228 4856 377 4939 explicare.
407 4860 464 4922 Sed
486 4860 523 4923 de
545 4862 602 4925 hoc
626 4858 700 4921 nibil
724 4856 793 4923 certi
813 4857 906 4923 habco
943 4860 1029 4925 dotet.
1048 4862 1262 4948 ,Wotntutttuse
1361 4904 1365 4909 -
1404 4904 1407 4911 .
1608 4902 1613 4911 .
