4259 5592
438 362 1283 511 niunusucunoos
1485 461 1555 539 tn

181 589 476 687 bita-smmum
497 594 659 685 bonum
676 594 828 699 dicere,
848 598 941 682 edm
962 596 1004 682 id
1027 622 1078 682 ne
1095 599 1137 685 in
1156 632 1268 693 cutm
1279 605 1441 721 quidem
1457 616 1568 725 potia

179 714 410 805 ¹videantur?
438 722 536 844 Qo
561 713 687 801 modo
708 732 836 795 autem
855 712 1112 825 philosophus
1139 716 1311 833 loquitur
1331 730 1400 810 tria
1425 721 1568 841 genera

184 827 469 943 cupiditatum?
495 828 680 915 naturales
702 826 1007 919 &necessariam
1042 832 1251 939 naturales,
1268 901 1270 904 -
1289 864 1373 922 non
1401 844 1571 927 necessa-

185 944 282 1031 rias:
304 966 380 1026 nec
402 941 615 1046 naturales,
636 967 709 1025 nec
734 938 991 1031 neceffltriasi
1016 940 1189 1028 Primum
1224 947 1352 1034 divisit
1376 956 1572 1065 inelegan-

186 1082 268 1145 ter:
297 1054 384 1143 duo
406 1060 510 1141 enim
537 1083 677 1169 genera
702 1083 788 1171 quae
814 1078 945 1159 erant,
968 1055 1058 1143 fecit
1076 1058 1159 1145 tria.
1188 1066 1281 1147 Hoc
1300 1063 1452 1153 estnon
1470 1070 1572 1153 divi·-

182 1172 300 1275 d'ere,
331 1170 396 1255 sed
416 1170 497 1255 han
525 1197 588 1255 ere
611 1198 702 1261 rem
731 1170 869 1301 Qisr
899 1170 1068 1274 diceret,
1103 1172 1361 1287 cupiditatum
1383 1182 1459 1264 else
1483 1180 1570 1269 duo

152 1320 155 1328 ⁴
178 1306 349 1401 genera,
370 1201 612 1371 namaies'&
630 1289 783 1371 inanes:
801 1286 1028 1371 naturalium
1047 1316 1214 1402 quoque
1235 1294 1329 1375 item
1353 1292 1438 1379 duo
1458 1292 1572 1397 ‚ne-

186 1402 355 1486 cessarias
376 1401 781 1491 &nonnecessariam
801 1398 979 1497 confecia
1007 1427 1065 1511 res
1094 1409 1113 1445 *
1136 1404 1240 1489 esset.
1283 1408 1476 1495 Vitiosum
1516 1412 1572 1494 est

187 1514 290 1600 enirn
308 1518 350 1599 in
368 1512 585 1600 dividendo
608 1537 754 1627 partem
782 1517 822 1601 in
853 1542 993 1627 genere
1025 1544 1237 1613 numerate.
1278 1519 1355 1603 Sed
1376 1526 1457 1609 hoc
1482 1525 1571 1610 sane

189 1626 459 1715 concedamus.
498 1630 729 1715 Contemnit
762 1626 866 1713 enim
887 1628 1106 1717 differendi
1121 1632 1372 1747 elegantiam:
1403 1638 1572 1723 confuse

190 1738 369 1859 bquitur.
397 1740 599 1829 Gerendus
621 1743 675 1827 est
700 1770 815 1847 mos,
836 1742 963 1830 modo
988 1746 1091 1833 tecle
1117 1747 1257 1834 sentiat.
1285 1753 1333 1833 Et
1375 1752 1509 1837 uidem
1521 1753 1568 1838 il·
1629 1794 1633 1799 ·

189 1858 253 1943 lud
268 1856 395 1969 ipsum
415 1886 499 1942 non
517 1854 682 1943 nitnilun
703 1854 856 1969 prob0,
876 1860 948 1967 (St
965 1880 1094 1945 tamen
1111 1862 1271 1972 patior)
1292 1781 1574 1979 philosophum

188 1972 297 2086 loqui
318 1971 371 2057 de
396 1968 669 2084 cupiditatibus
687 1969 876 2065 finiendis.
905 1978 967 2058 An
988 1978 1115 2086 potest
1138 1976 1329 2087 cupiditas
1349 1976 1481 2065 finiri?
1494 1982 1572 2067 tol-

188 2086 298 2171 lenda
326 2086 380 2171 est
399 2110 516 2201 atque
534 2085 768 2177 extrahenda
795 2082 987 2172 radicitus.
1013 2094 1120 2287 ffls
1139 2092 1190 2173 est
1211 2090 1341 2193 enim,
1360 2097 1402 2177 in
1426 2124 1510 2208 quo
1527 2097 1573 2181 fit

189 2204 237 2286 cu
264 2200 403 2305 iditas,
424 2204 521 2312 quin
545 2203 645 2287 teste
660 2198 834 2313 cupidus
853 2199 933 2287 dici
955 2231 1012 2315 po
1122 2205 1287 2315 Ergo&
1311 2234 1445 2291 avants
1471 2214 1542 2294 erit
1555 2273 1573 2314 ,

188 2232 378 2400 seclfimtd
393 2348 415 2402 a
432 2314 654 2419 &adultess
676 2311 811 2401 verbm
829 2311 1182 2402 habebitmodutn:
1206 2318 1245 2425 &
1269 2317 1484 2406 luxuriosus
1497 2315 1573 2425 efo-

190 2428 276 2513 dem
301 2427 439 2515 modu.
468 2430 602 2553 Qalis
614 2428 679 2513 ista
691 2428 934 2542 philosophia
958 2428 1011 2511 ell
1018 2491 1032 2532 ,
1059 2458 1145 2545 quae
1169 2459 1252 2516 non
1267 2425 1462 2519 interitum
1476 2438 1574 2521 affe-

181 2566 247 2627 rat·
267 2544 470 2657 pravitati:
497 2544 561 2630 sed
587 2544 630 2631 stt
653 2564 837 2629 contenta
868 2542 1139 2630 mediocritate
1172 2546 1397 2633 vitiorum?
1429 2556 1573 2669 Qan-

143 2700 145 2707 ·
215 2669 314 2740 uam.
332 2660 372 2741 in
403 2659 476 2741 hac
508 2656 697 2743 divisione
722 2683 805 2740 rem
827 2658 946 2771 ipsam
976 2658 1129 2769 prorsus
1152 2653 1310 2770 probo:
1346 2662 1575 2773 elegantiam

187 2687 376 2857 leudem.
403 2770 578 2884 Appellet
605 2774 688 2861 haec
708 2768 892 2857 desideria
905 2793 1070 2857 naturae:
1089 2772 1310 2884 cupiditatis
1332 2803 1479 2861 nornen
1494 2775 1573 2863 ser-

190 2908 251 2969 vet
270 2884 373 2989 alib,
398 2888 443 2970 ut
462 2882 560 2969 chm.
572 2882 623 2969 de
648 2889 942 2988 avaritia,cd1n
968 2884 1018 2969 de
1046 2884 1361 2999 intemperantia,
1392 2886 1486 2973 clun
1521 2891 1578 2977 de

55 3040 59 3049 ·
189 3002 364 3084 maximis
385 3004 486 3085 vitiis
508 3000 718 3113 loquetur,
745 3026 831 3083 earn
856 3021 1040 3113 tanquam
1062 3004 1196 3114 capitis
1228 3004 1391 3089 accuset.
1506 3004 1510 3011 ’

189 3165 194 3175 ·
241 3112 320 3198 Sed
335 3118 414 3199 hec
430 3113 593 3225 quidem
605 3110 756 3201 liberibs
768 3109 881 3201 abeo
897 3112 1290 3227 dicuntur&saepius.
1320 3118 1446 3231 Qud
1457 3124 1574 3234 equi.

180 3226 278 3311 dem
302 3258 387 3314 non
409 3228 662 3339 reprehendo.
702 3228 764 3313 Est
785 3232 887 3313 enim
908 3234 1003 3316 tanti
1025 3228 1246 3339 philosophi
1269 3236 1429 3345 tamque
1454 3235 1575 3336 nobi-

134 3432 143 3455 κ
186 3340 253 3444 lis,
282 3342 465 3429 audasler
492 3344 555 3427 sua
582 3342 735 3431 decreta
760 3340 978 3445 defendere.
1017 3340 1096 3427 Sed
1117 3366 1246 3427 tamen
1269 3372 1319 3427 ex
1352 3374 1427 3451 eo,
1456 3350 1575 3461 quod

184 3482 272 3538 eam
297 3456 538 3567 voluptatem
558 3459 712 3573 (quam
734 3448 869 3541 omnes'
890 3478 1022 3571 gentes
1046 3459 1127 3542 hoc
1148 3463 1309 3544 nomine
1343 3462 1577 3574 appellant).

184 3568 342 3655 videtur
366 3570 571 3683 amplexari
592 3574 689 3684 sape
714 3573 1012 3673 vehementius,
1032 3574 1074 3654 in
1095 3578 1244 3687 magnis
1266 3576 1462 3684 interdurn
1483 3605 1576 3685 uer-

182 3678 283 3768 latur
306 3684 510 3799 angustiis,
532 3710 605 3790 ut,
627 3688 835 3773 hominurn
856 3681 1088 3783 conscientiis
1106 3686 1274 3790 remoti,
1287 3690 1379 3775 nihil
1396 3714 1473 3777 tam
1484 3714 1577 3777 utta

181 3825 236 3908 pe
256 3799 331 3901 fit,
358 3798 471 3912 quod
492 3799 700 3914 voluptatis
723 3796 837 3886 causti
855 3830 938 3885 non
961 3799 1137 3913 videatur
1150 3805 1224 3885 effe
1237 3804 1415 3891 fadurus.
1445 3807 1577 3889 Dein-

183 3908 262 4013 de,
291 3912 365 3998 ubi
384 3910 537 4001 erubuit
562 3914 651 4023 (uis
666 3918 775 4015 enim
799 3915 852 3999 est
878 3942 1089 4031 permagna
1107 3938 1259 4036 ,tratura
1272 3926 1297 4028 )·
1317 3919 1498 4115 COHnglli
1522 3921 1578 4005 ila.

576 4062 579 4069 ·
987 4034 1011 4113 S
1061 4062 1079 4138 3
1486 4064 1566 4139 uc,

445 4273 520 4351 Quid
534 4273 596 4330 bene
609 4262 636 4333 ‘3'
650 4271 719 4331 cosso
731 4310 741 4345 ,
800 4256 805 4265 ⁵
880 4269 961 4351 tur)
983 4286 1073 4347 neque
1103 4266 1173 4329 mihi
1192 4289 1285 4330 tamen
1297 4310 1306 4339 ‚
1324 4269 1447 4348 cupienti
1468 4293 1571 4334 emen*

272 4351 377 4409 Condito
388 4349 528 4429 ,sermone
556 4350 620 4411 bono
629 4392 639 4424 ‚
650 4351 686 4431 st
706 4354 793 4434 quart*
802 4388 812 4421 s
831 4352 861 4411 li·
895 4354 977 4423 dare,
987 4348 1136 4431 probabile
1149 4350 1301 4429 quidquam
1309 4350 1450 4413 succurrit.
1465 4356 1500 4413 In
1508 4376 1580 4431 quo-

316 4432 408 4491 benter.
428 4432 605 4493 Mauortus.
881 4431 958 4511 {quia
975 4432 1095 4493 meliore
1108 4430 1220 4492 forsitan
1238 4450 1339 4493 eventu
1353 4433 1475 4494 aliorum
1488 4454 1577 4513 ester-r⁴
1693 4483 1697 4494 .

185 4548 189 4555 -
219 4532 275 4584 24.
297 4516 337 4569 Ur
346 4513 412 4593 loqui
431 4516 516 4573 decen
527 4514 688 4593 frugaliter]
702 4511 803 4593 Neque
816 4532 861 4575 va-
882 4508 1000 4575 Icebitur
1011 4510 1161 4583 industria,
1173 4514 1330 4574 notandum
1345 4516 1449 4592 putavi
1476 4518 1571 4576 tntu.

171 4609 240 4653 care
257 4596 376 4655 mendo,
391 4593 491 4655 iocum
505 4593 582 4655 hunc
596 4592 724 4655 existimo
741 4617 755 4665 ς
771 4594 861 4677 (quid
880 4644 881 4647 η
933 4598 954 4639 *
974 4598 1054 4653 Grue
1074 4592 1136 4674 effer.
1154 4596 1211 4676 Qui
1227 4593 1278 4653 tac
1291 4598 1573 4680 uttenunnqnattte

33 4696 35 4733 ι
171 4672 257 4750 etaim
284 4672 342 4735 fibi
358 4675 419 4737 vult
441 4678 512 4756 loqui
532 4676 671 4757 fmgale'ter
691 4676 711 4736 ἓ·
725 4677 795 4744 elim
810 4676 859 4735 hle
892 4673 1184 4761 contemnt'rpstcselentg
1200 4676 1332 4757 Ventum.
1389 4703 1393 4711 ·

33 4742 35 4823 l
169 4750 856 4855 mcmoemotbtmtermntme-
974 4759 1021 4769 ”
