4259 5592
581 484 657 564 μὶ
837 438 1848 541 ununuunnuaonuu

569 638 680 767 Qid
705 652 835 724 autem
861 635 1018 719 interius
1045 642 1201 723 mente?
1227 632 1421 743 Cingamr
1442 627 1560 744 igitur
1584 660 1759 749 oorpore
1781 657 1959 730 exrema),

569 754 696 881 Qod
723 753 910 865 quoniam
933 776 1017 833 non
1036 744 1180 860 placet3
1201 768 1331 859 aperta
1353 744 1596 861 simplexque
1624 776 1760 858 mens,
1787 753 1895 843 nuiia
1919 786 1958 843 re

570 872 775 987 adiundia,
798 893 885 979 quar
910 862 1045 947 sentire
1068 864 1181 976 pofl‘rt
1194 864 1247 966 ²¹,
1267 858 1676 977 fugere-intelligentia
1708 869 1849 955 nosttae
1882 871 1961 959 vim

570 990 611 1071 St
634 980 840 1073 notionem
865 976 1029 1065 videtur.

559 1168 562 1175 .
623 1095 881 1188 Crotoniates
901 1116 1031 1180 autern
1052 1091 1249 1198 Alcman,
1267 1095 1337 1207 qui
1352 1092 1425 1179 soli
1444 1094 1486 1179 dt
1499 1093 1597 1181 iuna
1613 1095 1843 1215 reliquiiirue
1861 1102 1961 1189 side-

571 1210 702 1319 ribus,
722 1215 935 1323 animdque
956 1232 1157 1325 praterea,
1184 1208 1427 1296 divinitatem
1452 1207 1587 1314 dedit,
1612 1240 1695 1299 non
1724 1212 1857 1323 sensit,
1888 1218 1959 1303 sese

569 1328 795 1421 mortalibus
822 1324 936 1409 rebus
960 1323 1285 1410 immortalitatem
1312 1321 1416 1409 dare.
1957 1395 1962 1402 .

629 1440 734 1535 Nam
759 1442 1025 1556 Pythagoras,
1046 1436 1122 1554 ¹qui
1143 1437 1313 1543 censuit,
1334 1440 1509 1525 animum
1519 1442 1597 1527 effe
1613 1470 1685 1557 per
1706 1470 1885 1535 naturam
1899 1476 1957 1533 re.

572 1594 658 1657 rum
669 1558 838 1647 ¹omnem
852 1555 1047 1640 intentum
1068 1554 1409 1649 &commeantem
1421 1617 1435 1659 ,
1445 1582 1495 1640 ex
1509 1586 1595 1670 quo
1613 1561 1733 1645 nostri
1744 1568 1863 1649 animi
1876 1592 1958 1649 car.

571 1700 774 1797 perentur,
794 1700 878 1757 non
900 1668 998 1756 vidit
1019 1669 1266 1756 distradrione
1283 1671 1550 1759 ‘humanorum
1562 1671 1787 1763 animorum
1814 1678 1957 1776 ,discer-

571 1801 614 1911 pi
639 1796 677 1876 dr
698 1784 850 1876 lacerari
870 1784 1014 1873 demin
1036 1788 1078 1872 δι
1102 1781 1195 1871 cirm
1216 1784 1339 1870 miseri
1365 1789 1486 1871 animi
1523 1788 1663 1894 effent,
1693 1792 1806 1902 quod
1828 1792 1958 1905 pleris-

466 2006 469 2013 ,
567 1936 652 2027 que
673 1904 937 2017 contingeret,
957 1924 1042 1992 tum
1062 1898 1129 1985 dei
1147 1922 1296 2016 partem
1321 1901 1399 1985 effe
1422 1901 1616 1989 miseram:
1639 1906 1751 2018 quod
1766 1909 1849 1992 fieri
1871 1936 1963 1994 non-

570 2022 710 2141 potest.
738 2018 825 2106 Cur
848 2014 989 2102 autem'
1006 2015 1227 2132 quidquam
1246 2014 1444 2128 ignoraret
1461 2019 1615 2103 animus
1639 2020 1829 2123 hominis,
1848 2024 1876 2105 sr
1897 2022 1957 2105 es-

570 2142 624 2225 set
649 2135 774 2225 deus?
797 2128 1023 2255 Qiomodo
1046 2134 1168 2246 porro
1188 2129 1287 2216 deus
1316 2128 1456 2233 iste,s1
1479 2132 1572 2219 nihil
1593 2134 1683 2219 esset
1697 2136 1765 2221 nisi
1787 2139 1955 2240 animus,

566 2278 637 2342 aut
657 2248 828 2352 infixus,
848 2272 914 2333 aut
937 2240 1082 2333 iufusus
1108 2246 1202 2334 effer
1222 2250 1263 2333 in
1288 2244 1475 2344 mundo?
1928 2252 1932 2259 ’

576 2412 585 2425 ·
628 2356 742 2454 ‘ium=
763 2364 1056 2474 Xenophanes,
1086 2366 1183 2477 qui,
1211 2388 1340 2451 mente
1360 2361 1571 2473 adjundia,
1600 2394 1720 2454 omne
1749 2391 1956 2482 praterea,

573 2480 688 2601 quod
712 2474 1016 2565 eiset'infinitum
1028 2542 1043 2583 ,
1066 2477 1188 2564 deum
1202 2479 1328 2568 voluit
1344 2481 1446 2583 effe,
1472 2477 1523 2566 de
1537 2484 1616 2593 ipfir
1637 2504 1767 2567 mente
1791 2482 1887 2568 item
1899 2510 1956 2567 re-

572 2594 824 2715 prehenditur
836 2655 849 2697 ,
873 2614 918 2679 ut
948 2596 1100 2681 caeteri:
1136 2591 1188 2678 de
1211 2593 1397 2682 infinitate
1422 2616 1553 2682 autem
1586 2596 1883 2703 vehementius,
1915 2603 1956 2683 in

560 2742 654 2831 ·qua
672 2710 765 2795 nihii
787 2735 919 2823 neque
943 2708 1125 2813 sentiens,
1151 2734 1282 2824 neque
1297 2710 1552 2818 conjuneium
1572 2715 1701 2826 potest
1730 2715 1815 2799 effe

629 2832 734 2914 Nam
753 2821 998 2911 Parmenides
1019 2830 1333 2913 commentitium
1354 2824 1545 2939 quiddam
1563 2856 1722 2915 coronae
1745 2826 1957 2915 similitudi-

530 3028 534 3037 ,
572 2972 624 3031 ne
652 2942 770 3026 efficit
794 2972 806 3026 z
828 2938 1027 3052 stephanon
1048 2940 1238 3054 appellat,
1262 2943 1527 3028 continentem
1541 2945 1575 2979 ²²
1590 2941 1731 3029 ardore
1762 2944 1860 3028 lucis
1892 2973 1957 3030 or·
2093 2929 2095 2986 ¹

572 3056 689 3161 bem,
709 3058 780 3172 qui
808 3053 928 3169 cingit
959 3054 1119 3153 caelum3
1144 3083 1264 3171 quem
1283 3055 1447 3168 appellat
1470 3053 1603 3142 deum.
1642 3063 1685 3142 ln
1721 3086 1807 3172 quo
1831 3084 1958 3172 neque

573 3176 736 3287 figuram
761 3167 958 3270 divinam,
977 3198 1108 3283 neque
1125 3170 1273 3264 sensum
1284 3168 1489 3286 quisquam
1511 3171 1685 3287 suspicati
1701 3174 1843 3285 potest.
1857 3172 1959 3257 Mul-

473 3314 479 3331 ·
571 3313 611 3377 ta
632 3284 798 3397 ejusdem
822 3283 992 3369 monstra
1006 3316 1017 3371 τ
1030 3290 1197 3401 ,quippe
1219 3289 1333 3415 qui²³
1351 3282 1518 3389 bellum,
1534 3286 1604 3399 qui
1619 3284 1956 3400 discordiam3qui

571 3399 851 3599 cupiditatem,
876 3404 1094 3513 caeteraque
1112 3428 1261 3517 generis
1286 3398 1453 3513 ejusdem
1480 3400 1663 3507 addeum
1676 3424 1858 3488 revocat:
1871 3428 1956 3513 quae

572 3544 622 3609 ve
655 3514 823 3619 morbo,
856 3514 915 3599 vei
934 3514 1100 3619 somno,
1121 3516 1180 3602 vel
1210 3516 1445 3617 oblivione,
1478 3515 1540 3602 vei
1562 3516 1746 3601 vetustate
1770 3516 1955 3601 delentur.

572 3628 800 3743 Eademque
826 3626 878 3711 de
895 3626 1107 3730 srderibus3
1128 3659 1215 3748 qua
1244 3630 1468 3746 reprehensa
1498 3632 1634 3739 jamin
1668 3630 1771 3737 aiio,
1801 3637 1846 3717 in
1879 3634 1957 3717 hoc

608 3749 813 3833 mittantur.

577 3780 606 3853 ρ
633 3867 706 3953 Em
736 3858 891 3947 edocles
911 3882 1043 3947 autern
1060 3860 1181 3948 multa
1205 3860 1274 3991 alia
1294 3890 1486 3976 peccans,
1514 3856 1743 3949 iudeorum
1767 3864 1961 3973 opinione

572 3979 678 4093 turpi
709 3976 790 4071 imi
801 3972 949 4067 labitur.
979 3982 1164 4107 Qatuor
1175 4003 1281 4091 erum
1293 4001 1467 4082 naturas,
1490 4002 1539 4061 ex
1552 3976 1696 4090 quibus
1712 3976 1958 4177 omniapgp-

1937 4120 1959 4177 e

619 4286 674 4361 21(
686 4305 754 4381 Qoe
774 4299 870 4391 sentire
882 4298 974 4380 poffir]
996 4300 1100 4391 Lego,
1122 4294 1178 4380 qud
1190 4298 1251 4376 sen-
1288 4316 1333 4359 tur
1343 4306 1361 4369 '3
1382 4318 1434 4359 nos
1450 4315 1546 4358 autem
1562 4297 1639 4357 facili
1655 4300 1818 4375 conjectura
1829 4300 1958 4379 regimus.

572 4378 1104 4541 uttiirftzzffliiti'rn’
1120 4378 1250 4523 {iiiii
1287 4379 1866 4532 &Mididi-isaim?
1883 4420 1894 4455 ’
1912 4376 1959 4439 ‘¹⁸⁶

573 4544 815 4625 cxvur,inqua,
833 4562 912 4603 num.
932 4542 1120 4616 24,hunede
1137 4547 1249 4604 Anaxa-
1329 4564 1376 4622 23·
1395 4546 1496 4625 Quippe
1517 4544 1564 4623 qai
1586 4542 1700 4612 nam,
1721 4547 1769 4623 qni
1786 4541 1957 4621 discordia]

572 4644 644 4706 gora
660 4626 758 4687 locuni
776 4624 809 4687 &
824 4622 966 4695 describit,
982 4623 1155 4705 &explicat
1175 4626 1250 4685 Om-
1284 4624 1355 4685 Non
1376 4620 1501 4685 indicant
1519 4621 1669 4685 Ciceronis
1687 4621 1869 4701 interpretas,
1885 4624 1959 4682 unde

573 4723 680 4769 varus.
1284 4703 1430 4776 habuerit,
1450 4702 1587 4784 ejusmodi
1602 4702 1680 4766 mne
1699 4704 1874 4767 Parmeniiis
1888 4706 1960 4782 dog·

610 4808 660 4847 aa.
681 4789 858 4847 mutinensem
874 4790 965 4848 ardore
974 4788 1038 4850 lucis
1049 4790 1156 4860 orbem]
1182 4789 1249 4848 lice
1284 4804 1360 4849 man
1377 4808 1389 4853 r
1408 4806 1469 4867 qua
1482 4784 1541 4866 ipn
1559 4784 1678 4863 quidem
1694 4788 1817 4866 nqueir
1829 4786 1961 4867 Diogene

496 4876 498 4881 '
566 4868 651 4935 lartio
679 4864 751 4931 mihi
769 4867 882 4934 nullum
901 4867 1009 4935 sensum
1030 4868 1150 4933 fundere
1168 4868 1248 4933 rida-
1284 4866 1415 4954 laertio,
1433 4888 1526 4951 nque
1550 4872 1588 4932 ab
1608 4868 1671 4939 ati'u
1687 4884 1959 4943 oommemorantrm

1862 4948 1960 5031 ,usus
