<?xml version="1.0" encoding="UTF-8"?>
<!DOCTYPE html PUBLIC "-//W3C//DTD XHTML 1.0 Transitional//EN"
    "http://www.w3.org/TR/xhtml1/DTD/xhtml1-transitional.dtd">
<html xmlns="http://www.w3.org/1999/xhtml" xml:lang="en" lang="en">
 <head>
  <title>
</title>
<meta http-equiv="Content-Type" content="text/html;charset=utf-8" />
  <meta name='ocr-system' content='tesseract 3.04.00' />
  <meta name='ocr-capabilities' content='ocr_page ocr_carea ocr_par ocr_line ocrx_word'/>
</head>
<body>
  <div class='ocr_page' id='page_1' title='image "./opera00cicegoog/opera00cicegoog_0134.png"; bbox 0 0 4259 5592; ppageno 0'>
   <div class='ocr_carea' id='block_1_1' title="bbox 556 369 1611 477">
    <p class='ocr_par' dir='ltr' id='par_1_1' title="bbox 556 369 1611 477">
     <span class='ocr_line' id='line_1_1' title="bbox 556 369 1611 477; baseline -0.006 -5"><span class='ocrx_word' id='word_1_1' title='bbox 556 415 632 477; x_wconf 79' lang='lat' dir='ltr'>raa</span> <span class='ocrx_word' id='word_1_2' title='bbox 963 369 1528 472; x_wconf 80' lang='lat' dir='ltr'><strong>DEFINIBU&#39;S</strong></span> <span class='ocrx_word' id='word_1_3' title='bbox 1592 372 1611 384; x_wconf 73' lang='grc'><strong><em>”</em></strong></span> 
     </span>
    </p>
   </div>
   <div class='ocr_carea' id='block_1_2' title="bbox 443 558 2112 4471">
    <p class='ocr_par' dir='ltr' id='par_1_2' title="bbox 443 558 2112 4471">
     <span class='ocr_line' id='line_1_2' title="bbox 550 558 1951 689; baseline -0.002 -29"><span class='ocrx_word' id='word_1_4' title='bbox 550 564 740 689; x_wconf 89' lang='lat' dir='ltr'>corporis.</span> <span class='ocrx_word' id='word_1_5' title='bbox 769 563 875 659; x_wconf 83' lang='lat' dir='ltr'>Nam</span> <span class='ocrx_word' id='word_1_6' title='bbox 904 597 1076 685; x_wconf 86' lang='lat' dir='ltr'>corpore</span> <span class='ocrx_word' id='word_1_7' title='bbox 1096 569 1215 678; x_wconf 90' lang='lat' dir='ltr'>nihil,</span> <span class='ocrx_word' id='word_1_8' title='bbox 1236 570 1306 657; x_wconf 82' lang='lat' dir='ltr'>nisi</span> <span class='ocrx_word' id='word_1_9' title='bbox 1322 561 1483 684; x_wconf 71' lang='lat' dir='ltr'>presens</span> <span class='ocrx_word' id='word_1_10' title='bbox 1502 566 1544 652; x_wconf 89' lang='lat'>&amp;</span> <span class='ocrx_word' id='word_1_11' title='bbox 1567 563 1683 678; x_wconf 91' lang='lat' dir='ltr'>quod</span> <span class='ocrx_word' id='word_1_12' title='bbox 1704 558 1832 674; x_wconf 81' lang='lat' dir='ltr'>adesi,</span> <span class='ocrx_word' id='word_1_13' title='bbox 1860 560 1951 657; x_wconf 66' lang='lat' dir='ltr'>lirr-</span> 
     </span>
     <span class='ocr_line' id='line_1_3' title="bbox 547 679 1952 803; baseline -0.002 -26"><span class='ocrx_word' id='word_1_14' title='bbox 547 697 623 777; x_wconf 72' lang='lat' dir='ltr'>tire</span> <span class='ocrx_word' id='word_1_15' title='bbox 645 688 868 803; x_wconf 88' lang='lat' dir='ltr'>possumus:</span> <span class='ocrx_word' id='word_1_16' title='bbox 895 692 1029 775; x_wconf 88' lang='lat' dir='ltr'>auimo</span> <span class='ocrx_word' id='word_1_17' title='bbox 1054 711 1185 775; x_wconf 84' lang='lat' dir='ltr'>autem</span> <span class='ocrx_word' id='word_1_18' title='bbox 1206 687 1246 773; x_wconf 74' lang='grc'>8(</span> <span class='ocrx_word' id='word_1_19' title='bbox 1268 685 1493 799; x_wconf 67' lang='lat' dir='ltr'>praeterita,</span> <span class='ocrx_word' id='word_1_20' title='bbox 1527 682 1568 768; x_wconf 80' lang='lat' dir='ltr'>bt</span> <span class='ocrx_word' id='word_1_21' title='bbox 1592 679 1731 770; x_wconf 78' lang='lat' dir='ltr'>littura</span> <span class='ocrx_word' id='word_1_22' title='bbox 1769 688 1821 782; x_wconf 87' lang='lat' dir='ltr'>Ut</span> <span class='ocrx_word' id='word_1_23' title='bbox 1843 692 1952 774; x_wconf 84' lang='lat' dir='ltr'>enim</span> 
     </span>
     <span class='ocr_line' id='line_1_4' title="bbox 551 797 1950 917; baseline -0.011 -26"><span class='ocrx_word' id='word_1_24' title='bbox 551 811 663 917; x_wconf 74' lang='lat' dir='ltr'>aque</span> <span class='ocrx_word' id='word_1_25' title='bbox 689 800 891 889; x_wconf 84' lang='lat' dir='ltr'>doleamus</span> <span class='ocrx_word' id='word_1_26' title='bbox 907 805 1062 909; x_wconf 87' lang='lat' dir='ltr'>animo,</span> <span class='ocrx_word' id='word_1_27' title='bbox 1076 808 1172 890; x_wconf 77' lang='lat' dir='ltr'>cum</span> <span class='ocrx_word' id='word_1_28' title='bbox 1188 827 1362 913; x_wconf 89' lang='lat' dir='ltr'>corpore</span> <span class='ocrx_word' id='word_1_29' title='bbox 1381 797 1587 888; x_wconf 82' lang='lat' dir='ltr'>dolemus:</span> <span class='ocrx_word' id='word_1_30' title='bbox 1609 798 1693 882; x_wconf 84' lang='lat' dir='ltr'>fieti</span> <span class='ocrx_word' id='word_1_31' title='bbox 1708 822 1837 885; x_wconf 78' lang='lat' dir='ltr'>umen</span> <span class='ocrx_word' id='word_1_32' title='bbox 1856 829 1950 916; x_wconf 79' lang='lat' dir='ltr'>per.</span> 
     </span>
     <span class='ocr_line' id='line_1_5' title="bbox 550 910 1949 1033; baseline -0.001 -30"><span class='ocrx_word' id='word_1_33' title='bbox 550 947 693 1033; x_wconf 88' lang='lat' dir='ltr'>magna</span> <span class='ocrx_word' id='word_1_34' title='bbox 716 920 875 1005; x_wconf 87' lang='lat' dir='ltr'>acceffio</span> <span class='ocrx_word' id='word_1_35' title='bbox 898 922 1047 1031; x_wconf 89' lang='lat' dir='ltr'>potest,</span> <span class='ocrx_word' id='word_1_36' title='bbox 1072 920 1101 1005; x_wconf 80' lang='lat' dir='ltr'>si</span> <span class='ocrx_word' id='word_1_37' title='bbox 1120 913 1283 1033; x_wconf 87' lang='lat' dir='ltr'>aliquod</span> <span class='ocrx_word' id='word_1_38' title='bbox 1308 915 1549 1001; x_wconf 84' lang='lat' dir='ltr'>aternum&amp;</span> <span class='ocrx_word' id='word_1_39' title='bbox 1575 910 1770 1001; x_wconf 86' lang='lat' dir='ltr'>infinitum</span> <span class='ocrx_word' id='word_1_40' title='bbox 1789 923 1949 1033; x_wconf 78' lang='lat' dir='ltr'>impera·-</span> 
     </span>
     <span class='ocr_line' id='line_1_6' title="bbox 551 1028 1949 1233; baseline 0.003 -115"><span class='ocrx_word' id='word_1_41' title='bbox 551 1034 644 1119; x_wconf 91' lang='lat' dir='ltr'>dere</span> <span class='ocrx_word' id='word_1_42' title='bbox 659 1032 804 1119; x_wconf 86' lang='lat' dir='ltr'>malum</span> <span class='ocrx_word' id='word_1_43' title='bbox 825 1031 944 1119; x_wconf 90' lang='lat' dir='ltr'>nobis</span> <span class='ocrx_word' id='word_1_44' title='bbox 964 1032 1184 1147; x_wconf 86' lang='lat' dir='ltr'><strong>opinemur.</strong></span> <span class='ocrx_word' id='word_1_45' title='bbox 1212 1029 1345 1233; x_wconf 51' lang='lat' dir='ltr'>fflod</span> <span class='ocrx_word' id='word_1_46' title='bbox 1362 1030 1469 1115; x_wconf 88' lang='lat' dir='ltr'>idem</span> <span class='ocrx_word' id='word_1_47' title='bbox 1486 1028 1575 1115; x_wconf 90' lang='lat' dir='ltr'>licet</span> <span class='ocrx_word' id='word_1_48' title='bbox 1589 1030 1792 1117; x_wconf 86' lang='lat' dir='ltr'>transsene</span> <span class='ocrx_word' id='word_1_49' title='bbox 1806 1032 1848 1117; x_wconf 89' lang='lat' dir='ltr'>in</span> <span class='ocrx_word' id='word_1_50' title='bbox 1869 1064 1949 1122; x_wconf 89' lang='lat' dir='ltr'>vo·</span> 
     </span>
     <span class='ocr_line' id='line_1_7' title="bbox 552 1146 1656 1263; baseline -0.001 -31"><span class='ocrx_word' id='word_1_51' title='bbox 552 1149 738 1263; x_wconf 92' lang='lat' dir='ltr'>luptatem</span> <span class='ocrx_word' id='word_1_52' title='bbox 753 1212 766 1253; x_wconf 91' lang='lat'>,</span> <span class='ocrx_word' id='word_1_53' title='bbox 780 1172 825 1233; x_wconf 91' lang='lat' dir='ltr'>ut</span> <span class='ocrx_word' id='word_1_54' title='bbox 842 1176 888 1234; x_wconf 88' lang='lat' dir='ltr'>ea</span> <span class='ocrx_word' id='word_1_55' title='bbox 912 1148 1034 1262; x_wconf 83' lang='lat' dir='ltr'>major</span> <span class='ocrx_word' id='word_1_56' title='bbox 1063 1150 1135 1255; x_wconf 81' lang='lat' dir='ltr'>sit,</span> <span class='ocrx_word' id='word_1_57' title='bbox 1162 1149 1191 1233; x_wconf 82' lang='lat' dir='ltr'>si</span> <span class='ocrx_word' id='word_1_58' title='bbox 1241 1147 1248 1159; x_wconf 87' lang='lat'>&#39;</span> <span class='ocrx_word' id='word_1_59' title='bbox 1282 1147 1306 1232; x_wconf 93' lang='lat' dir='ltr'>il</span> <span class='ocrx_word' id='word_1_60' title='bbox 1330 1146 1404 1232; x_wconf 86' lang='lat' dir='ltr'>tale</span> <span class='ocrx_word' id='word_1_61' title='bbox 1425 1167 1656 1231; x_wconf 81' lang='lat' dir='ltr'>metuamus.</span> 
     </span>
     <span class='ocr_line' id='line_1_8' title="bbox 610 1259 1948 1384; baseline 0.002 -37"><span class='ocrx_word' id='word_1_62' title='bbox 610 1268 690 1384; x_wconf 72' lang='lat' dir='ltr'>lam</span> <span class='ocrx_word' id='word_1_63' title='bbox 714 1263 807 1349; x_wconf 89' lang='lat' dir='ltr'>ilud</span> <span class='ocrx_word' id='word_1_64' title='bbox 832 1261 995 1379; x_wconf 79' lang='lat' dir='ltr'>quIdem</span> <span class='ocrx_word' id='word_1_65' title='bbox 1020 1263 1267 1379; x_wconf 89' lang='lat' dir='ltr'>perspicuum</span> <span class='ocrx_word' id='word_1_66' title='bbox 1289 1263 1369 1366; x_wconf 90' lang='lat' dir='ltr'>est,</span> <span class='ocrx_word' id='word_1_67' title='bbox 1393 1259 1600 1347; x_wconf 83' lang='lat' dir='ltr'>maximam</span> <span class='ocrx_word' id='word_1_68' title='bbox 1622 1259 1741 1347; x_wconf 90' lang='lat' dir='ltr'>animi</span> <span class='ocrx_word' id='word_1_69' title='bbox 1773 1286 1841 1349; x_wconf 90' lang='lat' dir='ltr'>aut</span> <span class='ocrx_word' id='word_1_70' title='bbox 1868 1292 1948 1351; x_wconf 91' lang='lat' dir='ltr'>vo-</span> 
     </span>
     <span class='ocr_line' id='line_1_9' title="bbox 552 1372 1948 1495; baseline 0.001 -33"><span class='ocrx_word' id='word_1_71' title='bbox 552 1378 758 1489; x_wconf 92' lang='lat' dir='ltr'>luptatem,</span> <span class='ocrx_word' id='word_1_72' title='bbox 780 1403 847 1465; x_wconf 92' lang='lat' dir='ltr'>aut</span> <span class='ocrx_word' id='word_1_73' title='bbox 870 1376 1085 1465; x_wconf 88' lang='lat' dir='ltr'>molestiam</span> <span class='ocrx_word' id='word_1_74' title='bbox 1106 1379 1194 1495; x_wconf 88' lang='lat' dir='ltr'>plus</span> <span class='ocrx_word' id='word_1_75' title='bbox 1221 1401 1288 1464; x_wconf 93' lang='lat' dir='ltr'>aut</span> <span class='ocrx_word' id='word_1_76' title='bbox 1309 1374 1360 1462; x_wconf 91' lang='lat' dir='ltr'>ad</span> <span class='ocrx_word' id='word_1_77' title='bbox 1382 1372 1532 1461; x_wconf 79' lang='lat' dir='ltr'>beatam</span> <span class='ocrx_word' id='word_1_78' title='bbox 1544 1437 1559 1482; x_wconf 96' lang='lat'>,</span> <span class='ocrx_word' id='word_1_79' title='bbox 1591 1400 1659 1464; x_wconf 88' lang='lat' dir='ltr'>aut</span> <span class='ocrx_word' id='word_1_80' title='bbox 1691 1374 1743 1462; x_wconf 88' lang='lat' dir='ltr'>ad</span> <span class='ocrx_word' id='word_1_81' title='bbox 1773 1378 1948 1464; x_wconf 78' lang='lat' dir='ltr'>miseram</span> 
     </span>
     <span class='ocr_line' id='line_1_10' title="bbox 552 1488 1948 1609; baseline 0.001 -32"><span class='ocrx_word' id='word_1_82' title='bbox 552 1490 673 1578; x_wconf 85' lang='lat' dir='ltr'>vitam</span> <span class='ocrx_word' id='word_1_83' title='bbox 692 1494 826 1580; x_wconf 86' lang='lat' dir='ltr'>afferre</span> <span class='ocrx_word' id='word_1_84' title='bbox 845 1497 1065 1598; x_wconf 84' lang='lat' dir='ltr'>momenti,</span> <span class='ocrx_word' id='word_1_85' title='bbox 1087 1498 1207 1609; x_wconf 72' lang='lat' dir='ltr'>quim</span> <span class='ocrx_word' id='word_1_86' title='bbox 1234 1520 1374 1579; x_wconf 83' lang='lat' dir='ltr'>eonrm</span> <span class='ocrx_word' id='word_1_87' title='bbox 1399 1494 1613 1593; x_wconf 88' lang='lat' dir='ltr'>utrumvis,</span> <span class='ocrx_word' id='word_1_88' title='bbox 1632 1493 1661 1576; x_wconf 89' lang='lat' dir='ltr'>sr</span> <span class='ocrx_word' id='word_1_89' title='bbox 1683 1495 1797 1606; x_wconf 75' lang='lat' dir='ltr'>aque</span> <span class='ocrx_word' id='word_1_90' title='bbox 1814 1488 1885 1577; x_wconf 78' lang='lat' dir='ltr'>diu</span> <span class='ocrx_word' id='word_1_91' title='bbox 1900 1495 1948 1579; x_wconf 86' lang='lat' dir='ltr'>lit</span> 
     </span>
     <span class='ocr_line' id='line_1_11' title="bbox 552 1605 1946 1723; baseline 0 -30"><span class='ocrx_word' id='word_1_92' title='bbox 552 1608 797 1723; x_wconf 86' lang='lat' dir='ltr'>incorpore.</span> <span class='ocrx_word' id='word_1_93' title='bbox 827 1614 925 1695; x_wconf 91' lang='lat' dir='ltr'>Non</span> <span class='ocrx_word' id='word_1_94' title='bbox 953 1607 1077 1721; x_wconf 89' lang='lat' dir='ltr'>placet</span> <span class='ocrx_word' id='word_1_95' title='bbox 1097 1628 1257 1713; x_wconf 87' lang='lat' dir='ltr'>autem,</span> <span class='ocrx_word' id='word_1_96' title='bbox 1295 1605 1464 1693; x_wconf 69' lang='lat' dir='ltr'>detracta</span> <span class='ocrx_word' id='word_1_97' title='bbox 1487 1606 1718 1718; x_wconf 91' lang='lat' dir='ltr'>voluptate,</span> <span class='ocrx_word' id='word_1_98' title='bbox 1745 1607 1946 1722; x_wconf 76' lang='lat' dir='ltr'>agritudi-</span> 
     </span>
     <span class='ocr_line' id='line_1_12' title="bbox 553 1716 1946 1839; baseline 0.004 -35"><span class='ocrx_word' id='word_1_99' title='bbox 553 1747 646 1806; x_wconf 89' lang='lat' dir='ltr'>nem</span> <span class='ocrx_word' id='word_1_100' title='bbox 672 1724 794 1809; x_wconf 88' lang='lat' dir='ltr'>statim</span> <span class='ocrx_word' id='word_1_101' title='bbox 819 1724 1031 1839; x_wconf 84' lang='lat' dir='ltr'>consequi,</span> <span class='ocrx_word' id='word_1_102' title='bbox 1056 1724 1126 1809; x_wconf 83' lang='lat' dir='ltr'>nist</span> <span class='ocrx_word' id='word_1_103' title='bbox 1143 1729 1185 1811; x_wconf 90' lang='lat' dir='ltr'>in</span> <span class='ocrx_word' id='word_1_104' title='bbox 1209 1723 1419 1837; x_wconf 87' lang='lat' dir='ltr'>voluptatis</span> <span class='ocrx_word' id='word_1_105' title='bbox 1437 1721 1574 1807; x_wconf 90' lang='lat' dir='ltr'>locum</span> <span class='ocrx_word' id='word_1_106' title='bbox 1588 1716 1705 1808; x_wconf 90' lang='lat' dir='ltr'>dolor</span> <span class='ocrx_word' id='word_1_107' title='bbox 1729 1720 1833 1809; x_wconf 75' lang='lat' dir='ltr'>forte</span> <span class='ocrx_word' id='word_1_108' title='bbox 1856 1724 1946 1810; x_wconf 88' lang='lat' dir='ltr'>suc-</span> 
     </span>
     <span class='ocr_line' id='line_1_13' title="bbox 552 1834 1947 1943; baseline 0.002 -23"><span class='ocrx_word' id='word_1_109' title='bbox 552 1838 699 1923; x_wconf 76' lang='lat' dir='ltr'>cesserit</span> <span class='ocrx_word' id='word_1_110' title='bbox 715 1872 726 1923; x_wconf 74' lang='grc' dir='ltr'>ι</span> <span class='ocrx_word' id='word_1_111' title='bbox 744 1861 783 1923; x_wconf 91' lang='lat' dir='ltr'>at</span> <span class='ocrx_word' id='word_1_112' title='bbox 800 1842 963 1943; x_wconf 76' lang='lat' dir='ltr'>contra,</span> <span class='ocrx_word' id='word_1_113' title='bbox 1016 1836 1160 1924; x_wconf 87' lang='lat' dir='ltr'>audere</span> <span class='ocrx_word' id='word_1_114' title='bbox 1179 1836 1328 1924; x_wconf 84' lang='lat' dir='ltr'>nolinet</span> <span class='ocrx_word' id='word_1_115' title='bbox 1344 1834 1570 1922; x_wconf 88' lang='lat' dir='ltr'>omittendis</span> <span class='ocrx_word' id='word_1_116' title='bbox 1583 1834 1814 1942; x_wconf 90' lang='lat' dir='ltr'>doloribus,</span> <span class='ocrx_word' id='word_1_117' title='bbox 1828 1842 1947 1923; x_wconf 89' lang='lat' dir='ltr'>etiam</span> 
     </span>
     <span class='ocr_line' id='line_1_14' title="bbox 545 1868 1948 2066; baseline 0.004 -33"><span class='ocrx_word' id='word_1_118' title='bbox 545 1949 578 2033; x_wconf 74' lang='lat' dir='ltr'>‘sl</span> <span class='ocrx_word' id='word_1_119' title='bbox 594 1950 773 2064; x_wconf 86' lang='lat' dir='ltr'>voluptas</span> <span class='ocrx_word' id='word_1_120' title='bbox 792 1979 863 2058; x_wconf 90' lang='lat' dir='ltr'>ea,</span> <span class='ocrx_word' id='word_1_121' title='bbox 878 1981 965 2065; x_wconf 82' lang='lat' dir='ltr'>qua</span> <span class='ocrx_word' id='word_1_122' title='bbox 987 1868 1135 2039; x_wconf 79' lang='lat' dir='ltr'>lentum</span> <span class='ocrx_word' id='word_1_123' title='bbox 1156 1972 1338 2055; x_wconf 88' lang='lat' dir='ltr'>moveat,</span> <span class='ocrx_word' id='word_1_124' title='bbox 1361 1948 1462 2035; x_wconf 89' lang='lat' dir='ltr'>nulla</span> <span class='ocrx_word' id='word_1_125' title='bbox 1482 1949 1865 2066; x_wconf 70' lang='lat' dir='ltr'>successerirzeoque</span> <span class='ocrx_word' id='word_1_126' title='bbox 1882 1957 1948 2039; x_wconf 83' lang='lat' dir='ltr'>in-</span> 
     </span>
     <span class='ocr_line' id='line_1_15' title="bbox 548 2060 1946 2182; baseline 0.001 -32"><span class='ocrx_word' id='word_1_127' title='bbox 548 2064 664 2179; x_wconf 83' lang='lat' dir='ltr'>teligi</span> <span class='ocrx_word' id='word_1_128' title='bbox 683 2067 835 2180; x_wconf 87' lang='lat' dir='ltr'>potest,</span> <span class='ocrx_word' id='word_1_129' title='bbox 859 2090 1003 2180; x_wconf 86' lang='lat' dir='ltr'>quauta</span> <span class='ocrx_word' id='word_1_130' title='bbox 1027 2067 1207 2182; x_wconf 87' lang='lat' dir='ltr'>voluptas</span> <span class='ocrx_word' id='word_1_131' title='bbox 1230 2068 1274 2153; x_wconf 85' lang='lat' dir='ltr'>stt</span> <span class='ocrx_word' id='word_1_132' title='bbox 1300 2094 1383 2152; x_wconf 91' lang='lat' dir='ltr'>non</span> <span class='ocrx_word' id='word_1_133' title='bbox 1406 2063 1552 2151; x_wconf 91' lang='lat' dir='ltr'>dolere.</span> <span class='ocrx_word' id='word_1_134' title='bbox 1580 2060 1658 2151; x_wconf 80' lang='lat' dir='ltr'>sed</span> <span class='ocrx_word' id='word_1_135' title='bbox 1679 2088 1724 2150; x_wconf 91' lang='lat' dir='ltr'>ut</span> <span class='ocrx_word' id='word_1_136' title='bbox 1755 2069 1802 2151; x_wconf 91' lang='lat' dir='ltr'>iis</span> <span class='ocrx_word' id='word_1_137' title='bbox 1828 2064 1946 2153; x_wconf 91' lang='lat' dir='ltr'>bonis</span> 
     </span>
     <span class='ocr_line' id='line_1_16' title="bbox 547 2178 1943 2296; baseline 0.002 -33"><span class='ocrx_word' id='word_1_138' title='bbox 547 2184 758 2291; x_wconf 85' lang='lat' dir='ltr'>erigimur,</span> <span class='ocrx_word' id='word_1_139' title='bbox 782 2210 869 2296; x_wconf 84' lang='lat' dir='ltr'>qua</span> <span class='ocrx_word' id='word_1_140' title='bbox 886 2182 1175 2295; x_wconf 71' lang='lat' dir='ltr'>exspesiamus:</span> <span class='ocrx_word' id='word_1_141' title='bbox 1201 2183 1253 2268; x_wconf 83' lang='lat' dir='ltr'>sic</span> <span class='ocrx_word' id='word_1_142' title='bbox 1273 2181 1443 2265; x_wconf 84' lang='lat' dir='ltr'>latamur</span> <span class='ocrx_word' id='word_1_143' title='bbox 1468 2178 1646 2295; x_wconf 83' lang='lat' dir='ltr'>iis,qua</span> <span class='ocrx_word' id='word_1_144' title='bbox 1676 2178 1943 2267; x_wconf 81' lang='lat' dir='ltr'>recordamur.</span> 
     </span>
     <span class='ocr_line' id='line_1_17' title="bbox 547 2292 1946 2410; baseline 0.003 -32"><span class='ocrx_word' id='word_1_145' title='bbox 547 2295 660 2380; x_wconf 87' lang='lat' dir='ltr'>Stulti</span> <span class='ocrx_word' id='word_1_146' title='bbox 681 2319 811 2382; x_wconf 90' lang='lat' dir='ltr'>autem</span> <span class='ocrx_word' id='word_1_147' title='bbox 832 2294 1024 2381; x_wconf 82' lang='lat' dir='ltr'>malorum</span> <span class='ocrx_word' id='word_1_148' title='bbox 1047 2294 1237 2383; x_wconf 74' lang='lat' dir='ltr'>rnernorii</span> <span class='ocrx_word' id='word_1_149' title='bbox 1252 2317 1316 2383; x_wconf 92' lang='lat' dir='ltr'>tor</span> <span class='ocrx_word' id='word_1_150' title='bbox 1344 2313 1507 2380; x_wconf 73' lang='lat' dir='ltr'>uentura</span> <span class='ocrx_word' id='word_1_151' title='bbox 1520 2292 1703 2407; x_wconf 74' lang='lat' dir='ltr'>fipientes</span> <span class='ocrx_word' id='word_1_152' title='bbox 1721 2293 1830 2380; x_wconf 88' lang='lat' dir='ltr'>bona</span> <span class='ocrx_word' id='word_1_153' title='bbox 1843 2322 1946 2410; x_wconf 77' lang='lat' dir='ltr'>pta·</span> 
     </span>
     <span class='ocr_line' id='line_1_18' title="bbox 549 2325 1945 2523; baseline 0.003 -32"><span class='ocrx_word' id='word_1_154' title='bbox 549 2412 659 2494; x_wconf 87' lang='lat' dir='ltr'>terita</span> <span class='ocrx_word' id='word_1_155' title='bbox 681 2406 787 2523; x_wconf 80' lang='lat' dir='ltr'>grati</span> <span class='ocrx_word' id='word_1_156' title='bbox 810 2407 1082 2494; x_wconf 84' lang='lat' dir='ltr'>recordatione</span> <span class='ocrx_word' id='word_1_157' title='bbox 1106 2433 1290 2496; x_wconf 89' lang='lat' dir='ltr'>renovata</span> <span class='ocrx_word' id='word_1_158' title='bbox 1313 2325 1514 2494; x_wconf 69' lang='lat' dir='ltr'>delesiant.</span> <span class='ocrx_word' id='word_1_159' title='bbox 1542 2412 1603 2491; x_wconf 87' lang='lat' dir='ltr'>Ell</span> <span class='ocrx_word' id='word_1_160' title='bbox 1625 2430 1758 2493; x_wconf 88' lang='lat' dir='ltr'>autem</span> <span class='ocrx_word' id='word_1_161' title='bbox 1773 2409 1885 2494; x_wconf 84' lang='lat' dir='ltr'>sittun</span> <span class='ocrx_word' id='word_1_162' title='bbox 1899 2417 1945 2495; x_wconf 87' lang='lat' dir='ltr'>iu</span> 
     </span>
     <span class='ocr_line' id='line_1_19' title="bbox 486 2517 1947 2638; baseline 0.004 -35"><span class='ocrx_word' id='word_1_163' title='bbox 486 2540 492 2549; x_wconf 92' lang='grc'><strong>’</strong></span> <span class='ocrx_word' id='word_1_164' title='bbox 548 2518 695 2627; x_wconf 90' lang='lat' dir='ltr'>nobis,</span> <span class='ocrx_word' id='word_1_165' title='bbox 722 2546 766 2607; x_wconf 92' lang='lat' dir='ltr'>ut</span> <span class='ocrx_word' id='word_1_166' title='bbox 798 2521 1016 2609; x_wconf 85' lang='lat' dir='ltr'>&amp;adversa</span> <span class='ocrx_word' id='word_1_167' title='bbox 1041 2523 1147 2635; x_wconf 85' lang='lat' dir='ltr'>quasi</span> <span class='ocrx_word' id='word_1_168' title='bbox 1179 2519 1368 2638; x_wconf 76' lang='lat' dir='ltr'>perpetui</span> <span class='ocrx_word' id='word_1_169' title='bbox 1392 2520 1593 2609; x_wconf 86' lang='lat' dir='ltr'>oblivione</span> <span class='ocrx_word' id='word_1_170' title='bbox 1633 2517 1947 2637; x_wconf 81' lang='lat' dir='ltr'>obnramus,&amp;</span> 
     </span>
     <span class='ocr_line' id='line_1_20' title="bbox 546 2630 1946 2751; baseline 0 -30"><span class='ocrx_word' id='word_1_171' title='bbox 546 2634 716 2723; x_wconf 90' lang='lat' dir='ltr'>secunda</span> <span class='ocrx_word' id='word_1_172' title='bbox 740 2636 908 2745; x_wconf 70' lang='lat' dir='ltr'>iucunde</span> <span class='ocrx_word' id='word_1_173' title='bbox 930 2667 976 2723; x_wconf 89' lang='lat' dir='ltr'>ac</span> <span class='ocrx_word' id='word_1_174' title='bbox 1002 2638 1164 2724; x_wconf 84' lang='lat' dir='ltr'>suaviter</span> <span class='ocrx_word' id='word_1_175' title='bbox 1185 2641 1484 2725; x_wconf 86' lang='lat' dir='ltr'>meminerimus.</span> <span class='ocrx_word' id='word_1_176' title='bbox 1523 2636 1600 2721; x_wconf 86' lang='lat' dir='ltr'>Sed</span> <span class='ocrx_word' id='word_1_177' title='bbox 1631 2630 1725 2719; x_wconf 78' lang='lat' dir='ltr'>cum</span> <span class='ocrx_word' id='word_1_178' title='bbox 1754 2664 1830 2742; x_wconf 88' lang='lat' dir='ltr'>ea,</span> <span class='ocrx_word' id='word_1_179' title='bbox 1852 2666 1946 2751; x_wconf 84' lang='lat' dir='ltr'>quae</span> 
     </span>
     <span class='ocr_line' id='line_1_21' title="bbox 443 2751 1946 2877; baseline 0.001 -40"><span class='ocrx_word' id='word_1_180' title='bbox 443 2842 461 2877; x_wconf 42' lang='lat'><strong>⁹</strong></span> <span class='ocrx_word' id='word_1_181' title='bbox 546 2753 808 2866; x_wconf 79' lang='lat' dir='ltr'>praeterierunt</span> <span class='ocrx_word' id='word_1_182' title='bbox 819 2814 833 2856; x_wconf 94' lang='lat'>,</span> <span class='ocrx_word' id='word_1_183' title='bbox 852 2752 930 2838; x_wconf 86' lang='lat' dir='ltr'>acri</span> <span class='ocrx_word' id='word_1_184' title='bbox 952 2756 1085 2838; x_wconf 92' lang='lat' dir='ltr'>animo</span> <span class='ocrx_word' id='word_1_185' title='bbox 1098 2754 1299 2839; x_wconf 84' lang='lat' dir='ltr'>&amp;attento</span> <span class='ocrx_word' id='word_1_186' title='bbox 1319 2751 1550 2855; x_wconf 88' lang='lat' dir='ltr'>intuemur,</span> <span class='ocrx_word' id='word_1_187' title='bbox 1572 2773 1667 2837; x_wconf 89' lang='lat' dir='ltr'>tunc</span> <span class='ocrx_word' id='word_1_188' title='bbox 1685 2754 1750 2856; x_wconf 85' lang='lat' dir='ltr'>lit,</span> <span class='ocrx_word' id='word_1_189' title='bbox 1774 2756 1946 2866; x_wconf 81' lang='lat' dir='ltr'>utaegri-</span> 
     </span>
     <span class='ocr_line' id='line_1_22' title="bbox 547 2861 1616 2980; baseline -0.001 -30"><span class='ocrx_word' id='word_1_190' title='bbox 547 2865 648 2951; x_wconf 92' lang='lat' dir='ltr'>tudo</span> <span class='ocrx_word' id='word_1_191' title='bbox 675 2868 883 2980; x_wconf 88' lang='lat' dir='ltr'>sequatur,</span> <span class='ocrx_word' id='word_1_192' title='bbox 902 2868 930 2951; x_wconf 84' lang='lat' dir='ltr'>si</span> <span class='ocrx_word' id='word_1_193' title='bbox 955 2867 1012 2951; x_wconf 92' lang='lat' dir='ltr'>illa</span> <span class='ocrx_word' id='word_1_194' title='bbox 1036 2868 1135 2953; x_wconf 87' lang='lat' dir='ltr'>mala</span> <span class='ocrx_word' id='word_1_195' title='bbox 1155 2868 1251 2967; x_wconf 87' lang='lat' dir='ltr'>fint;</span> <span class='ocrx_word' id='word_1_196' title='bbox 1276 2865 1425 2969; x_wconf 79' lang='lat' dir='ltr'>latitia,</span> <span class='ocrx_word' id='word_1_197' title='bbox 1452 2861 1616 2949; x_wconf 82' lang='lat' dir='ltr'>sibona.</span> 
     </span>
     <span class='ocr_line' id='line_1_23' title="bbox 480 2978 2112 3119; baseline 0.004 -57"><span class='ocrx_word' id='word_1_198' title='bbox 480 2995 539 3119; x_wconf 51' lang='lat' dir='ltr'>{fi</span> <span class='ocrx_word' id='word_1_199' title='bbox 606 2983 647 3063; x_wconf 96' lang='lat' dir='ltr'>O</span> <span class='ocrx_word' id='word_1_200' title='bbox 671 2978 888 3094; x_wconf 85' lang='lat' dir='ltr'>praelatam</span> <span class='ocrx_word' id='word_1_201' title='bbox 922 2980 1035 3066; x_wconf 77' lang='lat' dir='ltr'>beate</span> <span class='ocrx_word' id='word_1_202' title='bbox 1061 2981 1247 3085; x_wconf 90' lang='lat' dir='ltr'>vivendi,</span> <span class='ocrx_word' id='word_1_203' title='bbox 1273 2982 1313 3067; x_wconf 75' lang='lat'>81</span> <span class='ocrx_word' id='word_1_204' title='bbox 1338 3004 1535 3094; x_wconf 88' lang='lat' dir='ltr'>apertam,</span> <span class='ocrx_word' id='word_1_205' title='bbox 1573 2981 1612 3065; x_wconf 88' lang='lat'>&amp;</span> <span class='ocrx_word' id='word_1_206' title='bbox 1642 2979 1877 3093; x_wconf 85' lang='lat' dir='ltr'>simplicem,</span> <span class='ocrx_word' id='word_1_207' title='bbox 1902 2982 1945 3067; x_wconf 86' lang='lat'>&amp;</span> <span class='ocrx_word' id='word_1_208' title='bbox 2111 3022 2112 3029; x_wconf 17' lang='grc' dir='ltr'>ι</span> 
     </span>
     <span class='ocr_line' id='line_1_24' title="bbox 510 3090 1943 3207; baseline 0.001 -28"><span class='ocrx_word' id='word_1_209' title='bbox 510 3123 512 3127; x_wconf 73' lang='grc'><strong>’</strong></span> <span class='ocrx_word' id='word_1_210' title='bbox 547 3090 730 3179; x_wconf 78' lang='lat' dir='ltr'>direttam</span> <span class='ocrx_word' id='word_1_211' title='bbox 752 3094 874 3182; x_wconf 81' lang='lat' dir='ltr'>viam!</span> <span class='ocrx_word' id='word_1_212' title='bbox 895 3099 1004 3181; x_wconf 83' lang='lat' dir='ltr'>Cdm</span> <span class='ocrx_word' id='word_1_213' title='bbox 1026 3098 1130 3180; x_wconf 89' lang='lat' dir='ltr'>enim</span> <span class='ocrx_word' id='word_1_214' title='bbox 1149 3097 1251 3182; x_wconf 78' lang='lat' dir='ltr'>certe</span> <span class='ocrx_word' id='word_1_215' title='bbox 1270 3096 1360 3180; x_wconf 90' lang='lat' dir='ltr'>nihil</span> <span class='ocrx_word' id='word_1_216' title='bbox 1386 3092 1539 3181; x_wconf 85' lang='lat' dir='ltr'>homini</span> <span class='ocrx_word' id='word_1_217' title='bbox 1558 3093 1829 3207; x_wconf 84' lang='lat' dir='ltr'>possit-melius</span> <span class='ocrx_word' id='word_1_218' title='bbox 1850 3096 1943 3198; x_wconf 86' lang='lat' dir='ltr'>else,</span> 
     </span>
     <span class='ocr_line' id='line_1_25' title="bbox 546 3204 1944 3323; baseline 0.001 -30"><span class='ocrx_word' id='word_1_219' title='bbox 546 3213 668 3323; x_wconf 73' lang='lat' dir='ltr'>quim</span> <span class='ocrx_word' id='word_1_220' title='bbox 699 3233 836 3293; x_wconf 85' lang='lat' dir='ltr'>vacare</span> <span class='ocrx_word' id='word_1_221' title='bbox 860 3214 970 3296; x_wconf 92' lang='lat' dir='ltr'>omni</span> <span class='ocrx_word' id='word_1_222' title='bbox 991 3206 1131 3296; x_wconf 90' lang='lat' dir='ltr'>dolore</span> <span class='ocrx_word' id='word_1_223' title='bbox 1154 3209 1193 3295; x_wconf 74' lang='grc'>8(</span> <span class='ocrx_word' id='word_1_224' title='bbox 1218 3204 1415 3313; x_wconf 76' lang='lat' dir='ltr'>molestii,</span> <span class='ocrx_word' id='word_1_225' title='bbox 1440 3208 1662 3323; x_wconf 80' lang='lat' dir='ltr'>perfruique</span> <span class='ocrx_word' id='word_1_226' title='bbox 1693 3208 1873 3293; x_wconf 86' lang='lat' dir='ltr'>maximis</span> <span class='ocrx_word' id='word_1_227' title='bbox 1901 3212 1944 3296; x_wconf 86' lang='lat'>&amp;</span> 
     </span>
     <span class='ocr_line' id='line_1_26' title="bbox 545 3319 1943 3436; baseline 0 -28"><span class='ocrx_word' id='word_1_228' title='bbox 545 3328 662 3409; x_wconf 90' lang='lat' dir='ltr'>animi</span> <span class='ocrx_word' id='word_1_229' title='bbox 690 3324 728 3409; x_wconf 83' lang='grc' dir='ltr'>8ι</span> <span class='ocrx_word' id='word_1_230' title='bbox 753 3328 932 3435; x_wconf 87' lang='lat' dir='ltr'>corporis</span> <span class='ocrx_word' id='word_1_231' title='bbox 953 3319 1244 3435; x_wconf 86' lang='lat' dir='ltr'>voluptatibus:</span> <span class='ocrx_word' id='word_1_232' title='bbox 1267 3323 1475 3427; x_wconf 87' lang='lat' dir='ltr'>videtisne,</span> <span class='ocrx_word' id='word_1_233' title='bbox 1509 3326 1631 3436; x_wconf 69' lang='lat' dir='ltr'>quim</span> <span class='ocrx_word' id='word_1_234' title='bbox 1664 3323 1758 3407; x_wconf 90' lang='lat' dir='ltr'>nihil</span> <span class='ocrx_word' id='word_1_235' title='bbox 1783 3343 1943 3436; x_wconf 81' lang='lat' dir='ltr'>prater-</span> 
     </span>
     <span class='ocr_line' id='line_1_27' title="bbox 544 3433 1945 3552; baseline 0 -29"><span class='ocrx_word' id='word_1_236' title='bbox 544 3442 742 3542; x_wconf 87' lang='lat' dir='ltr'>mittatur,</span> <span class='ocrx_word' id='word_1_237' title='bbox 788 3435 873 3522; x_wconf 91' lang='lat' dir='ltr'>uod</span> <span class='ocrx_word' id='word_1_238' title='bbox 897 3442 1014 3522; x_wconf 92' lang='lat' dir='ltr'>vitam</span> <span class='ocrx_word' id='word_1_239' title='bbox 1034 3435 1216 3549; x_wconf 81' lang='lat' dir='ltr'>adjuvet,</span> <span class='ocrx_word' id='word_1_240' title='bbox 1238 3440 1323 3552; x_wconf 86' lang='lat' dir='ltr'>qub</span> <span class='ocrx_word' id='word_1_241' title='bbox 1346 3434 1495 3523; x_wconf 82' lang='lat' dir='ltr'>facilibs</span> <span class='ocrx_word' id='word_1_242' title='bbox 1528 3435 1593 3541; x_wconf 91' lang='lat' dir='ltr'>id,</span> <span class='ocrx_word' id='word_1_243' title='bbox 1618 3433 1733 3549; x_wconf 92' lang='lat' dir='ltr'>quod</span> <span class='ocrx_word' id='word_1_244' title='bbox 1755 3440 1945 3550; x_wconf 80' lang='lat' dir='ltr'>proposi·</span> 
     </span>
     <span class='ocr_line' id='line_1_28' title="bbox 543 3466 1945 3665; baseline -0.002 -27"><span class='ocrx_word' id='word_1_245' title='bbox 543 3575 627 3638; x_wconf 90' lang='lat' dir='ltr'>tum</span> <span class='ocrx_word' id='word_1_246' title='bbox 655 3552 733 3655; x_wconf 81' lang='lat' dir='ltr'>eli,</span> <span class='ocrx_word' id='word_1_247' title='bbox 753 3466 946 3635; x_wconf 70' lang='lat' dir='ltr'>litrmum</span> <span class='ocrx_word' id='word_1_248' title='bbox 969 3552 1124 3638; x_wconf 91' lang='lat' dir='ltr'>bonum</span> <span class='ocrx_word' id='word_1_249' title='bbox 1149 3550 1459 3665; x_wconf 82' lang='lat' dir='ltr'>consequamur?</span> <span class='ocrx_word' id='word_1_250' title='bbox 1486 3549 1641 3636; x_wconf 84' lang='lat' dir='ltr'>Clamat</span> <span class='ocrx_word' id='word_1_251' title='bbox 1660 3550 1878 3664; x_wconf 89' lang='lat' dir='ltr'>Epicurus,</span> <span class='ocrx_word' id='word_1_252' title='bbox 1891 3556 1945 3657; x_wconf 85' lang='lat' dir='ltr'>is,</span> 
     </span>
     <span class='ocr_line' id='line_1_29' title="bbox 543 3664 1948 3781; baseline -0.001 -29"><span class='ocrx_word' id='word_1_253' title='bbox 543 3692 665 3781; x_wconf 92' lang='lat' dir='ltr'>quem</span> <span class='ocrx_word' id='word_1_254' title='bbox 690 3694 764 3751; x_wconf 91' lang='lat' dir='ltr'>vos</span> <span class='ocrx_word' id='word_1_255' title='bbox 795 3670 908 3751; x_wconf 89' lang='lat' dir='ltr'>nimis</span> <span class='ocrx_word' id='word_1_256' title='bbox 929 3664 1196 3778; x_wconf 89' lang='lat' dir='ltr'>voluptatibus</span> <span class='ocrx_word' id='word_1_257' title='bbox 1217 3666 1295 3751; x_wconf 85' lang='lat' dir='ltr'>else</span> <span class='ocrx_word' id='word_1_258' title='bbox 1331 3664 1513 3753; x_wconf 89' lang='lat' dir='ltr'>deditum</span> <span class='ocrx_word' id='word_1_259' title='bbox 1538 3664 1690 3769; x_wconf 83' lang='lat' dir='ltr'>dicitis,</span> <span class='ocrx_word' id='word_1_260' title='bbox 1714 3694 1800 3753; x_wconf 89' lang='lat' dir='ltr'>non</span> <span class='ocrx_word' id='word_1_261' title='bbox 1825 3668 1948 3776; x_wconf 84' lang='lat' dir='ltr'>posse</span> 
     </span>
     <span class='ocr_line' id='line_1_30' title="bbox 480 3778 1948 3896; baseline 0.001 -30"><span class='ocrx_word' id='word_1_262' title='bbox 480 3816 494 3837; x_wconf 93' lang='lat'><strong>·</strong></span> <span class='ocrx_word' id='word_1_263' title='bbox 541 3780 712 3896; x_wconf 76' lang='lat' dir='ltr'>jucunde</span> <span class='ocrx_word' id='word_1_264' title='bbox 736 3782 843 3883; x_wconf 91' lang='lat' dir='ltr'>vivi,</span> <span class='ocrx_word' id='word_1_265' title='bbox 866 3780 934 3863; x_wconf 82' lang='lat' dir='ltr'>nisi</span> <span class='ocrx_word' id='word_1_266' title='bbox 956 3778 1166 3893; x_wconf 87' lang='lat' dir='ltr'>sapienter,</span> <span class='ocrx_word' id='word_1_267' title='bbox 1187 3782 1369 3885; x_wconf 74' lang='lat' dir='ltr'>honeste,</span> <span class='ocrx_word' id='word_1_268' title='bbox 1394 3782 1568 3893; x_wconf 79' lang='lat' dir='ltr'>justeque</span> <span class='ocrx_word' id='word_1_269' title='bbox 1593 3779 1773 3867; x_wconf 85' lang='lat' dir='ltr'>vivatur:</span> <span class='ocrx_word' id='word_1_270' title='bbox 1795 3782 1948 3867; x_wconf 90' lang='lat' dir='ltr'>necsa-</span> 
     </span>
     <span class='ocr_line' id='line_1_31' title="bbox 571 3892 1947 4009; baseline -0.001 -28"><span class='ocrx_word' id='word_1_271' title='bbox 571 3901 717 3998; x_wconf 88' lang='lat' dir='ltr'>icnter,</span> <span class='ocrx_word' id='word_1_272' title='bbox 744 3894 936 3997; x_wconf 76' lang='lat' dir='ltr'>honeste,</span> <span class='ocrx_word' id='word_1_273' title='bbox 958 3892 1363 4009; x_wconf 75' lang='lat' dir='ltr'>justt,nis1jucunde.</span> <span class='ocrx_word' id='word_1_274' title='bbox 1391 3900 1535 4008; x_wconf 89' lang='lat' dir='ltr'>Neque</span> <span class='ocrx_word' id='word_1_275' title='bbox 1552 3894 1659 3979; x_wconf 91' lang='lat' dir='ltr'>enim</span> <span class='ocrx_word' id='word_1_276' title='bbox 1670 3896 1803 3979; x_wconf 85' lang='lat' dir='ltr'>civitas</span> <span class='ocrx_word' id='word_1_277' title='bbox 1821 3892 1865 3978; x_wconf 89' lang='lat' dir='ltr'>in</span> <span class='ocrx_word' id='word_1_278' title='bbox 1877 3893 1947 3979; x_wconf 86' lang='lat' dir='ltr'>se-</span> 
     </span>
     <span class='ocr_line' id='line_1_32' title="bbox 539 3924 1948 4119; baseline 0 -24"><span class='ocrx_word' id='word_1_279' title='bbox 539 3924 692 4098; x_wconf 66' lang='lat' dir='ltr'>ditione</span> <span class='ocrx_word' id='word_1_280' title='bbox 715 4007 829 4094; x_wconf 89' lang='lat' dir='ltr'>beata</span> <span class='ocrx_word' id='word_1_281' title='bbox 850 4008 926 4092; x_wconf 83' lang='lat' dir='ltr'>effe</span> <span class='ocrx_word' id='word_1_282' title='bbox 954 4010 1108 4119; x_wconf 88' lang='lat' dir='ltr'>potest,</span> <span class='ocrx_word' id='word_1_283' title='bbox 1134 4034 1208 4095; x_wconf 90' lang='lat' dir='ltr'>nec</span> <span class='ocrx_word' id='word_1_284' title='bbox 1232 4014 1274 4096; x_wconf 91' lang='lat' dir='ltr'>in</span> <span class='ocrx_word' id='word_1_285' title='bbox 1289 4008 1481 4097; x_wconf 92' lang='lat' dir='ltr'>discordia</span> <span class='ocrx_word' id='word_1_286' title='bbox 1500 4008 1759 4096; x_wconf 86' lang='lat' dir='ltr'>dominorum</span> <span class='ocrx_word' id='word_1_287' title='bbox 1772 4007 1948 4095; x_wconf 81' lang='lat' dir='ltr'>domus:</span> 
     </span>
     <span class='ocr_line' id='line_1_33' title="bbox 540 4121 1952 4241; baseline -0.001 -30"><span class='ocrx_word' id='word_1_288' title='bbox 540 4154 627 4240; x_wconf 90' lang='lat' dir='ltr'>quo</span> <span class='ocrx_word' id='word_1_289' title='bbox 651 4128 782 4211; x_wconf 81' lang='lat' dir='ltr'>minus</span> <span class='ocrx_word' id='word_1_290' title='bbox 803 4125 984 4226; x_wconf 78' lang='lat' dir='ltr'>animm,</span> <span class='ocrx_word' id='word_1_291' title='bbox 1011 4126 1034 4208; x_wconf 77' lang='lat' dir='ltr'>a</span> <span class='ocrx_word' id='word_1_292' title='bbox 1065 4121 1102 4207; x_wconf 94' lang='lat' dir='ltr'>se</span> <span class='ocrx_word' id='word_1_293' title='bbox 1125 4128 1138 4209; x_wconf 96' lang='lat' dir='ltr'>i</span> <span class='ocrx_word' id='word_1_294' title='bbox 1170 4125 1204 4210; x_wconf 91' lang='lat' dir='ltr'>se</span> <span class='ocrx_word' id='word_1_295' title='bbox 1227 4122 1407 4211; x_wconf 84' lang='lat' dir='ltr'>diffidens</span> <span class='ocrx_word' id='word_1_296' title='bbox 1440 4123 1652 4241; x_wconf 75' lang='lat' dir='ltr'>secumque</span> <span class='ocrx_word' id='word_1_297' title='bbox 1676 4122 1902 4211; x_wconf 84' lang='lat' dir='ltr'>discordans</span> <span class='ocrx_word' id='word_1_298' title='bbox 1928 4190 1952 4230; x_wconf 86' lang='lat'>‚</span> 
     </span>
     <span class='ocr_line' id='line_1_34' title="bbox 497 4234 2112 4373; baseline 0.002 -47"><span class='ocrx_word' id='word_1_299' title='bbox 497 4242 690 4357; x_wconf 58' lang='lat' dir='ltr'>gustare</span> <span class='ocrx_word' id='word_1_300' title='bbox 714 4260 864 4355; x_wconf 85' lang='lat' dir='ltr'>partem</span> <span class='ocrx_word' id='word_1_301' title='bbox 891 4235 1006 4323; x_wconf 89' lang='lat' dir='ltr'>ulam</span> <span class='ocrx_word' id='word_1_302' title='bbox 1028 4234 1128 4351; x_wconf 84' lang='lat' dir='ltr'>liqui</span> <span class='ocrx_word' id='word_1_303' title='bbox 1154 4268 1183 4323; x_wconf 83' lang='lat' dir='ltr'>a</span> <span class='ocrx_word' id='word_1_304' title='bbox 1207 4238 1419 4352; x_wconf 87' lang='lat' dir='ltr'>voluptatis</span> <span class='ocrx_word' id='word_1_305' title='bbox 1438 4240 1478 4325; x_wconf 89' lang='lat'>&amp;</span> <span class='ocrx_word' id='word_1_306' title='bbox 1497 4235 1623 4325; x_wconf 78' lang='lat' dir='ltr'>liberae</span> <span class='ocrx_word' id='word_1_307' title='bbox 1644 4238 1782 4352; x_wconf 76' lang='lat' dir='ltr'>potest.</span> <span class='ocrx_word' id='word_1_308' title='bbox 1813 4243 1957 4353; x_wconf 83' lang='lat' dir='ltr'>Atqui</span> <span class='ocrx_word' id='word_1_309' title='bbox 2110 4270 2112 4373; x_wconf 57' lang='lat' dir='ltr'>p</span> 
     </span>
     <span class='ocr_line' id='line_1_35' title="bbox 538 4351 2112 4471; baseline 0.003 -31"><span class='ocrx_word' id='word_1_310' title='bbox 538 4354 803 4471; x_wconf 84' lang='lat' dir='ltr'>pugnantibus</span> <span class='ocrx_word' id='word_1_311' title='bbox 826 4351 1083 4440; x_wconf 85' lang='lat' dir='ltr'>&amp;contrariis</span> <span class='ocrx_word' id='word_1_312' title='bbox 1107 4352 1241 4438; x_wconf 87' lang='lat' dir='ltr'>studiis</span> <span class='ocrx_word' id='word_1_313' title='bbox 1261 4352 1501 4468; x_wconf 79' lang='lat' dir='ltr'>consiliisque</span> <span class='ocrx_word' id='word_1_314' title='bbox 1535 4353 1682 4466; x_wconf 87' lang='lat' dir='ltr'>semper</span> <span class='ocrx_word' id='word_1_315' title='bbox 1704 4376 1843 4459; x_wconf 89' lang='lat' dir='ltr'>utens,</span> <span class='ocrx_word' id='word_1_316' title='bbox 1872 4358 1965 4443; x_wconf 85' lang='lat' dir='ltr'>ni-</span> <span class='ocrx_word' id='word_1_317' title='bbox 2111 4374 2112 4443; x_wconf 77' lang='lat' dir='ltr'>l</span> 
     </span>
    </p>
   </div>
   <div class='ocr_carea' id='block_1_3' title="bbox 2110 1622 2114 2222">
    <p class='ocr_par' dir='ltr' id='par_1_3' title="bbox 2110 1622 2114 2222">
     <span class='ocr_line' id='line_1_36' title="bbox 2110 1622 2114 2222; baseline 0 0"><span class='ocrx_word' id='word_1_318' title='bbox 2110 1622 2114 2222; x_wconf 95' lang='lat' dir='ltr'> </span> 
     </span>
    </p>
   </div>
   <div class='ocr_carea' id='block_1_4' title="bbox 536 4464 2107 4911">
    <p class='ocr_par' dir='ltr' id='par_1_4' title="bbox 536 4464 2107 4911">
     <span class='ocr_line' id='line_1_37' title="bbox 536 4464 1537 4667; baseline -0.001 -114"><span class='ocrx_word' id='word_1_319' title='bbox 536 4470 600 4553; x_wconf 84' lang='lat' dir='ltr'>bil</span> <span class='ocrx_word' id='word_1_320' title='bbox 622 4470 744 4581; x_wconf 88' lang='lat' dir='ltr'>quieti</span> <span class='ocrx_word' id='word_1_321' title='bbox 767 4466 925 4573; x_wconf 85' lang='lat' dir='ltr'>videre,</span> <span class='ocrx_word' id='word_1_322' title='bbox 945 4465 1039 4553; x_wconf 76' lang='lat' dir='ltr'>nisit!</span> <span class='ocrx_word' id='word_1_323' title='bbox 1063 4464 1256 4667; x_wconf 67' lang='lat' dir='ltr'>tranquilli</span> <span class='ocrx_word' id='word_1_324' title='bbox 1288 4468 1429 4580; x_wconf 86' lang='lat' dir='ltr'>potest.</span> <span class='ocrx_word' id='word_1_325' title='bbox 1529 4585 1537 4602; x_wconf 27' lang='grc' dir='ltr'>ι</span> 
     </span>
     <span class='ocr_line' id='line_1_38' title="bbox 597 4578 2107 4707; baseline 0.001 -41"><span class='ocrx_word' id='word_1_326' title='bbox 597 4579 772 4707; x_wconf 77' lang='lat' dir='ltr'>desr</span> <span class='ocrx_word' id='word_1_327' title='bbox 800 4588 978 4694; x_wconf 90' lang='lat' dir='ltr'>corporis</span> <span class='ocrx_word' id='word_1_328' title='bbox 993 4588 1161 4696; x_wconf 76' lang='lat' dir='ltr'>graviori</span> <span class='ocrx_word' id='word_1_329' title='bbox 1190 4578 1398 4669; x_wconf 88' lang='lat' dir='ltr'>usmorbis</span> <span class='ocrx_word' id='word_1_330' title='bbox 1417 4588 1504 4672; x_wconf 79' lang='lat' dir='ltr'>vita</span> <span class='ocrx_word' id='word_1_331' title='bbox 1527 4584 1745 4697; x_wconf 78' lang='lat' dir='ltr'>pcunditas</span> <span class='ocrx_word' id='word_1_332' title='bbox 1767 4582 1975 4695; x_wconf 82' lang='lat' dir='ltr'>impedi.</span> <span class='ocrx_word' id='word_1_333' title='bbox 2105 4628 2107 4667; x_wconf 64' lang='grc' dir='ltr'>ι</span> 
     </span>
     <span class='ocr_line' id='line_1_39' title="bbox 537 4695 2107 4822; baseline -0.002 -35"><span class='ocrx_word' id='word_1_334' title='bbox 537 4720 626 4787; x_wconf 81' lang='lat' dir='ltr'>tut:</span> <span class='ocrx_word' id='word_1_335' title='bbox 649 4696 797 4809; x_wconf 83' lang='lat' dir='ltr'>quanti&gt;</span> <span class='ocrx_word' id='word_1_336' title='bbox 822 4702 944 4809; x_wconf 80' lang='lat' dir='ltr'>nugis</span> <span class='ocrx_word' id='word_1_337' title='bbox 969 4702 1091 4785; x_wconf 90' lang='lat' dir='ltr'>animi</span> <span class='ocrx_word' id='word_1_338' title='bbox 1116 4695 1268 4786; x_wconf 88' lang='lat' dir='ltr'>morbis</span> <span class='ocrx_word' id='word_1_339' title='bbox 1296 4697 1480 4813; x_wconf 89' lang='lat' dir='ltr'>impediri</span> <span class='ocrx_word' id='word_1_340' title='bbox 1505 4700 1656 4789; x_wconf 89' lang='lat' dir='ltr'>necesse</span> <span class='ocrx_word' id='word_1_341' title='bbox 1687 4699 1781 4788; x_wconf 72' lang='lat' dir='ltr'>elli</span> <span class='ocrx_word' id='word_1_342' title='bbox 1804 4702 1977 4797; x_wconf 79' lang='lat' dir='ltr'>Animi</span> <span class='ocrx_word' id='word_1_343' title='bbox 2100 4714 2107 4822; x_wconf 68' lang='lat' dir='ltr'><strong>j</strong></span> 
     </span>
     <span class='ocr_line' id='line_1_40' title="bbox 1801 4828 2106 4911; baseline 0.02 -11"><span class='ocrx_word' id='word_1_344' title='bbox 1801 4835 1979 4911; x_wconf 75' lang='lat' dir='ltr'>autem</span> <span class='ocrx_word' id='word_1_345' title='bbox 2101 4828 2106 4905; x_wconf 89' lang='lat' dir='ltr'>l</span> 
     </span>
    </p>
   </div>
   <div class='ocr_carea' id='block_1_5' title="bbox 0 0 2134 5592">
    <p class='ocr_par' dir='ltr' id='par_1_5' title="bbox 0 0 2134 5592">
     <span class='ocr_line' id='line_1_41' title="bbox 0 0 2134 5592; baseline 0 0"><span class='ocrx_word' id='word_1_346' title='bbox 0 0 2134 5592; x_wconf 95' lang='lat' dir='ltr'> </span> 
     </span>
    </p>
   </div>
  </div>
 </body>
</html>
