4259 5592
534 450 658 609 ’ῳ
857 492 861 505 ·
986 480 1550 580 DEFINIBUS
2089 4 2102 648 l

541 636 762 806 xssbonunt,
784 672 868 803 quo
882 694 996 801 putet
1019 677 1153 761 omnia
1172 673 1299 760 referri
1321 682 1528 787 oportere?
1556 669 1723 771 Teneo,
1751 664 1971 787 inquitffl-
2100 665 2101 734 3

583 823 676 879 nem
700 790 751 877 illi
771 787 893 874 viden
910 786 1031 891 ,nihil
1054 788 1198 875 dolere.
1228 786 1364 905 Qid2
1379 785 1484 871 idem
1506 782 1573 870 iste
1587 780 1640 866 de
1655 780 1856 895 voluptate
1927 790 1968 873 ‘d

506 968 510 977 .
574 907 718 999 sentit?
740 910 870 1017 Negat
897 900 973 985 else
1001 928 1112 1005 eam,
1142 902 1303 1099 inpuit,
1333 929 1408 1014 pro
1437 921 1494 983 ter
1525 895 1575 981 sei
1603 895 1682 980 sam
1704 816 1970 1011 expctmdd'ln

586 1020 703 1109 Aliud
724 1016 841 1129 igitur
860 1016 935 1099 effe
956 1016 1081 1101 censer
1101 1045 1179 1130 gau
1208 1042 1295 1118 ere,
1318 1014 1393 1099 aliu
1446 1040 1530 1097 non
1583 1008 1699 1095 olere.
1724 1014 1772 1095 Et
1788 1012 1971 1125 quidem,

586 1134 741 1248 inquit,
764 1132 1010 1215 vehementer
1038 1152 1158 1216 errat:
1184 1158 1301 1231 narn,
1323 1150 1370 1213 ut
1389 1125 1507 1241 paulo
1532 1125 1621 1209 ante
1653 1122 1776 1211 docui
1788 1188 1803 1229 ,
1822 1154 1972 1241 augen-

536 1330 538 1335 ,
574 1248 647 1333 -dae
669 1243 878 1354 voluptatis
897 1244 985 1326 finis
1001 1244 1055 1326 est
1076 1242 1225 1329 doloris
1246 1246 1375 1329 omnis
1401 1237 1567 1327 amotio

575 1426 579 1439 .
645 1364 744 1443 Non
765 1354 923 1458 dolere,
941 1356 1128 1468 inquam,
1152 1355 1253 1443 istud
1275 1384 1398 1469 quarn
1418 1355 1501 1440 vim
1523 1348 1688 1456 habeat,
1708 1352 1844 1464 polica
1863 1353 1976 1440 vidc-

579 1504 664 1560 τοι
688 1470 799 1555 aliam
820 1473 915 1554 vero
943 1468 1024 1554 vim
1047 1470 1257 1584 voluptatis
1281 1471 1382 1572 effe,
1421 1470 1531 1555 aliam
1562 1464 1656 1551 nihil
1680 1464 1873 1573 dolendi,
1903 1469 1975 1552 nisi

522 1652 526 1674 .
591 1583 704 1673 valde
722 1588 895 1707 pertinax
916 1580 1061 1688 fueris,
1083 1583 1280 1671 concedas
1306 1584 1455 1668 necesse
1470 1580 1535 1665 esi.
1564 1585 1685 1694 Atqui
1707 1584 1898 1695 reperies,
1914 1587 1977 1667 in·

529 1784 543 1799 ,,
592 1703 706 1813 quit,
731 1701 772 1782 in
796 1702 876 1784 hoc
896 1695 1057 1825 quidem
1083 1702 1337 1812 pertinacem:
1357 1696 1434 1781 dici
1453 1698 1558 1780 enim
1574 1694 1670 1777 nihil
1688 1695 1814 1805 potest
1835 1700 1975 1780 verius

523 1904 528 1913 ,
593 1814 707 1899 Estne
734 1814 887 1927 quaeso,
907 1838 1090 1925 mquam,
1112 1811 1247 1897 sitienti
1267 1808 1496 1895 inbibendo
1519 1805 1724 1920 voluptas?
1747 1808 1980 1925 Qisistud,

579 1926 749 2039 -inquit,
777 1927 902 2053 posset
926 1936 1094 2039 negare?
1120 1924 1343 2029 Eadernne,
1362 1929 1552 2038 inquam,
1580 1948 1667 2033 quae
1693 1920 1869 2006 restindi
1891 1923 1979 2011 siti?
2100 1938 2101 1956 ¹

422 2134 426 2141 ,
577 2043 719 2127 -unmo
744 2038 820 2124 alto
833 2065 984 2151 genere.
1012 2040 1198 2125 Restineta
1217 2038 1322 2123 enim
1342 2039 1419 2122 fitis
1431 2035 1665 2121 stabilitatem
1686 2034 1897 2147 voluptatis
1907 2038 1984 2120 ha·

504 2248 507 2255 ,
584 2152 661 2240 ‚bet
673 2217 686 2257 ,
702 2152 854 2267 inquit:
878 2152 937 2237 illa
957 2174 1089 2236 autem
1103 2152 1284 2265 voluptas
1310 2152 1428 2264 ipsius
1442 2150 1700 2235 restinctionis
1721 2148 1764 2231 in
1784 2151 1981 2247 montell.
2100 2249 2101 2256 Ν

579 2274 682 2355 -Cut
705 2267 843 2379 iginu,
857 2269 1044 2377 inquam,
1070 2291 1127 2350 res
1142 2289 1221 2351 tam
1240 2264 1428 2351 dissimiles
1453 2263 1599 2348 eodem
1609 2260 1771 2348 nomine
1792 2262 1979 2377 appellas?
2100 2273 2101 2298 ³

654 2378 765 2502 Qud
791 2378 908 2492 paulo
937 2383 1046 2481 ante,
1071 2384 1223 2491 inquit,
1242 2379 1431 2481 dixerim,
1456 2382 1591 2462 nonne
1625 2376 1859 2481 meministi,
1890 2372 1984 2459 ciam

524 2590 525 2595 p
583 2498 728 2579 -omnis
748 2491 866 2577 dolor
896 2488 1088 2576 detractus
1111 2492 1234 2598 esset,
1259 2493 1422 2595 variari,
1446 2521 1530 2603 oon
1553 2490 1688 2603 augeri
1706 2491 1983 2604 voluptatem?

580 2604 761 2693 Memini
782 2608 906 2709 veto,
926 2604 1104 2719 inquam.
1130 2604 1206 2689 Sed
1225 2630 1269 2691 tu
1295 2605 1391 2691 istuc
1411 2603 1508 2689 dixti
1531 2602 1630 2689 bene
1649 2608 1810 2707 latine,
1843 2634 1983 2719 parum

544 2719 549 2729 ’
597 2720 723 2832 plane.
752 2722 919 2804 Varietas
946 2718 1052 2803 enim
1068 2721 1252 2804 minum
1276 2721 1442 2805 verbum
1455 2720 1543 2823 est,
1568 2718 1684 2832 idque
1708 2722 1867 2833 proprii
1891 2724 1985 2833 qui-
2099 2801 2100 2804 t

581 2834 695 2919 -dem
718 2839 761 2919 in
785 2829 994 2943 disparibus
1022 2828 1221 2919 coloribus
1254 2834 1425 2920 dicitur:
1467 2831 1532 2915 scd
1559 2830 1777 2917 transfertur
1799 2832 1842 2916 in
1862 2835 1984 2917 muln

585 2948 770 3061 ,disparia
798 2950 958 3030 Varium
975 2955 1144 3059 poima,
1175 2948 1277 3035 van'a
1299 2952 1427 3034 oratio
1439 3011 1453 3052 ,
1478 2944 1572 3032 varii
1594 2972 1749 3050 mores,
1774 2950 1876 3032 vatia
1900 2948 1985 3032 for-

597 3084 703 3145 tuna.
732 3058 921 3170 Voluptas
940 3065 1045 3145 varia
1063 3060 1178 3145 etiam
1195 3061 1274 3149 dici
1296 3063 1411 3165 solet,
1432 3056 1526 3146 curn
1550 3064 1758 3173 percipitur
1779 3088 1829 3144 ex
1857 3062 1985 3145 maltis

586 3170 834 3258 ‚diffindibus
861 3169 999 3277 rebus,
1019 3173 1206 3277 dlfimies
1229 3172 1485 3263 efficientibus
1505 3174 1736 3285 voluptates.
1762 3178 1856 3259 Earn
1870 3175 1899 3257 fi
1915 3203 1985 3261 va

523 3380 525 3385 .
583 3288 772 3373 rietatem
789 3284 960 3391 diceres,
982 3286 1256 3401 intdligerem,
1279 3312 1350 3394 ut,
1368 3294 1485 3375 etiam
1510 3318 1595 3373 non
1613 3287 1765 3373 dicente
1789 3290 1986 3393 te,inte1.

514 3394 522 3402 ’
591 3402 694 3515 ligo.
733 3400 801 3485 lsla
816 3406 975 3485 varietas
996 3430 1083 3514 quae
1121 3404 1272 3490 sitnon
1301 3403 1381 3489 saris
1409 3402 1623 3516 perspicio,
1647 3400 1763 3514 quod
1783 3408 1839 3487 ais
1852 3465 1868 3506 ,
1894 3400 1990 3485 ciim

599 3514 740 3601 dolore
760 3540 978 3619 careamus,
993 3535 1078 3599 turn
1104 3518 1149 3599 itt
1172 3518 1319 3602 summa
1344 3516 1547 3629 voluptate
1569 3546 1643 3601 nos
1668 3517 1764 3608 else:
1791 3520 1886 3601 clim
1915 3547 1994 3600 ata·

586 3654 683 3715 ,tem
708 3626 902 3714 vescamur
925 3627 971 3713 iis
999 3628 1134 3734 rebus,
1160 3660 1247 3746 quar
1265 3631 1420 3717 dulcem
1442 3654 1595 3716 motum
1619 3630 1783 3714 afferant
1800 3627 1991 3733 sensibus,

599 3766 684 3828 tum
707 3740 783 3826 effe
808 3746 849 3827 in
876 3766 992 3828 motu
1015 3744 1282 3857 uoluptatem,
1319 3774 1406 3859 qua
1431 3743 1544 3829 faciat
1560 3747 1778 3829 varietatem
1806 3744 1996 3857 volupta-

599 3879 714 3941 tum:
737 3855 909 3942 sednon
931 3857 1064 3969 augeri
1084 3858 1185 3942 illam
1211 3890 1296 3947 non
1309 3856 1470 3944 dolendi
1483 3856 1733 3969 voluptatem.
1763 3859 1895 3981 Qam
1915 3887 1996 3945 cur

542 3956 559 4065 ‚⁸
583 3971 845 4083 ·voluptatem
866 3970 1058 4084 appelles,
1081 3972 1223 4059 nescio.

529 4126 593 4167 -2
659 4094 722 4170 An
746 4087 899 4199 potest,
919 4084 1047 4195 inquit
1073 4085 1157 4189 ille,
1186 4087 1403 4203 quidquam
1437 4090 1512 4173 else
1541 4088 1719 4188 suavius,
1743 4092 1867 4198 quim
1894 4087 1997 4173 nihil
2097 4121 2098 4176 t

546 4186 757 4288 4-dolere?
784 4202 906 4285 immo
925 4200 967 4301 sit
997 4200 1082 4283 land
1107 4203 1199 4285 nihil
1224 4204 1388 4307 melius,
1411 4206 1452 4287 in
1483 4229 1596 4287 uam:
1621 4200 1803 4286 nondum
1823 4206 1929 4286 enirn
1948 4201 1998 4287 id

601 4341 762 4427 quaro:
786 4346 881 4401 num
903 4314 1227 4427 proptereaidem
1248 4318 1426 4429 voluptas
1441 4234 1522 4419 cll,
1537 4316 1653 4431 quod
1671 4316 1691 4423 (
1700 4340 1743 4400 ut
1761 4321 1813 4402 ita
1821 4314 1998 4428 dicam)
2097 4323 2099 4458 l

599 4426 839 4523 indolentiai
860 4429 974 4517 Plane
999 4428 1127 4535 idem,
1150 4435 1278 4545 inquit
1289 4434 1367 4537 ,δι
1392 4435 1558 4519 mxima
1577 4430 1767 4545 quidem,
1804 4427 1883 4544 qui
1902 4432 2000 4516 fieri

1021 4572 1026 4583 ·
1872 4546 1996 4633 nulla

640 4775 667 4814 2.
688 4760 732 4813 De
743 4734 875 4831 Pelagii]
897 4761 931 4818 Id
942 4760 997 4829 est,
1011 4766 1055 4823 De
1066 4737 1181 4823 rusticis.
1197 4765 1265 4825 Mu·
1305 4762 1374 4827 nebi
1389 4764 1504 4827 Advers
1515 4785 1559 4827 xv.
1574 4772 1601 4825 8.
1793 4766 1814 4802 ·‘
2096 4807 2097 4814 κ

595 4851 665 4896 m:
684 4836 761 4912 Vide
769 4834 888 4903 victorii
904 4836 1064 4903 ἵετώείὶ
1082 4846 1107 4901 1.
1127 4862 1173 4904 ιο.
1191 4846 1265 4921 'litte
1346 4868 1373 4927 3.
1395 4850 1456 4911 Non
1473 4846 1656 4931 panudirorl'
1673 4838 2004 4985 Ετὼιῐςὶξβᾶἓῦξ
2096 4857 2097 4914 ἲ
