4259 5592
465 407 1320 569 ernsnsnouuous
1514 514 1595 592 ,p

211 716 216 725 ·
247 652 516 772 ¹An.t1erb,st
537 664 705 752 domum
726 690 908 781 magnam
922 662 1212 780 pulchralr'nque
1225 660 1366 750 videris
1380 727 1394 768 ,
1408 694 1493 751 non
1509 666 1603 777 pos·

205 786 251 870 sis
275 780 445 885 adduc-i,
459 804 524 887 ut,
543 786 658 868 etiam
682 782 711 868 st
732 782 941 871 dominum
958 810 1043 868 non
1069 779 1229 882 videas,
1258 779 1435 865 muribus
1452 780 1608 868 illam&

203 897 372 983 mustelis
391 894 616 983 edificatam
635 922 773 1013 putes:
795 920 947 985 tanturn
969 900 1065 983 verb
1085 916 1269 990 ornatum
1285 892 1608 998 mundi,tantam

203 1017 426 1100 varietatem
450 1012 861 1125 pulchritudiuquue
885 1040 1014 1099 rerum
1041 1010 1247 1095 calestium
1258 1073 1272 1113 ,
1296 1034 1443 1096 tantam
1464 1016 1546 1097 vim
1570 1012 1609 1098 &

144 1180 146 1187 ·
204 1124 515 1241 magnitudinem
534 1130 646 1212 maris
667 1150 787 1241 atque
805 1144 1019 1229 terrarum,
1048 1128 1078 1209 st
1100 1133 1243 1227 tuum,
1258 1153 1305 1208 ae
1328 1156 1412 1211 non
1442 1125 1631 1229 deorum,

205 1240 482 1327 immortalium
504 1240 749 1329 domicilium
769 1268 909 1357 putes,
936 1249 1072 1329 nonne
1092 1239 1216 1354 plane,
1233 1240 1405 1353 desipere
1418 1234 1619 1326 videare?

169 1369 172 1375 ’
262 1362 395 1443 Anne
417 1358 498 1442 hoc
520 1356 684 1473 quidem
708 1358 979 1474 intelligimus,
1002 1360 1137 1444 omnia
1166 1354 1303 1468 supera
1331 1357 1406 1438 eise
1424 1356 1610 1446 meliorat

204 1493 344 1558 terram
365 1492 495 1557 autem
515 1472 591 1558 else
613 1470 812 1579 infimam,
827 1502 947 1589 quam
961 1472 1192 1559 crassissimus
1210 1470 1495 1558 circumfundat
1509 1474 1611 1557 a'e‘rss

204 1610 251 1672 ut
275 1582 331 1672 ob
362 1614 448 1671 earn
473 1588 593 1702 ipsam
618 1589 770 1675 causam
782 1652 795 1693 ,
832 1584 1092 1703 quodetiam
1118 1581 1350 1700 quibusdam
1380 1586 1611 1699 regionibus

204 1726 325 1815 atque
346 1698 506 1787 urbibus
532 1708 761 1817 contingere
783 1703 962 1789 videmus
980 1765 993 1806 ,
1008 1702 1213 1787 hebetiora
1239 1721 1285 1786 ut
1298 1701 1370 1787 sint
1398 1701 1612 1786 hominum

203 1813 361 1929 ingenia
385 1838 547 1929 propter
571 1818 652 1903 caeli
677 1817 893 1931 pleniorem
922 1839 1126 1920 naturam,
1146 1818 1227 1901 hoc
1251 1815 1360 1901 idem
1375 1821 1508 1929 generi
1530 1818 1611 1901 hu⁴

202 1958 326 2017 mano
356 1930 547 2036 evenerit,
565 1931 679 2047 qubd
701 1938 742 2018 in
775 1956 901 2037 terra,
927 1936 1007 2019 hoc
1035 1933 1120 2035 est,
1146 1935 1188 2015 in
1210 1932 1417 2018 crassrlsrma
1446 1936 1610 2045 regione

201 2044 370 2149 mundi,
390 2044 570 2133 collocati
596 2048 678 2131 srnt.

262 2164 309 2244 Et
331 2182 461 2243 tamen
486 2187 535 2244 ex
555 2161 632 2274 ipsa
654 2160 864 2247 hominum
880 2159 1025 2247 solertia
1042 2161 1120 2246 else
1145 2157 1315 2270 aliquam
1338 2182 1539 2264 mentem,
1569 2166 1611 2265 &

200 2300 291 2359 eam
315 2273 477 2388 quidem
506 2282 696 2363 acriorem
722 2276 761 2361 &
784 2275 988 2382 divinam,
1009 2276 1223 2360 existimare
1247 2271 1447 2360 debemus.
1488 2275 1607 2360 Unde

198 2394 311 2475 enirn
339 2393 440 2473 hanc
466 2386 595 2477 homo
615 2390 801 2504 arripuit?
835 2414 880 2476 ut
903 2396 954 2477 ait
993 2390 1105 2505 apud*
1124 2392 1439 2501 Xenophontem
1460 2394 1605 2477 Socra·
1672 2398 1687 2414 “

196 2522 272 2588 tes.
301 2508 413 2625 Qin
438 2504 733 2607 &humorem,
759 2506 799 2592 &
826 2504 1017 2609 calorem,
1041 2505 1185 2620 quiesi
1205 2503 1311 2589 susus
1338 2506 1606 2617 incorpore,

197 2619 243 2705 &
268 2640 455 2704 terrenam
477 2620 595 2733 ipsam
620 2621 807 2707 viscerum
832 2620 1085 2725 soliditatem,
1111 2618 1286 2706 animum
1305 2618 1479 2734 denique
1497 2620 1613 2707 illum·

196 2728 417 2849 spirabilem
441 2734 469 2817 fi
496 2740 584 2848 quis
613 2760 758 2851 quarat
777 2734 886 2822 unde
911 2735 1124 2839 habemus,
1155 2758 1340 2849 apparet:
1375 2734 1607 2851 qubdaliud

196 2852 352 2934 {iterra
380 2849 635 2960 sumpsimus,
653 2849 757 2937 aliud
784 2846 832 2937 ab
859 2853 1049 2955 humore,
1073 2846 1178 2935 aliud
1195 2844 1245 2933 ab
1277 2850 1395 2963 igne,
1424 2849 1528 2936 aliud
1554 2852 1615 2937 ab
1678 2878 1683 2890 ¹

195 2968 291 3049 aifre
310 2990 383 3069 eo,
407 2990 527 3077 quem
545 2965 675 3077 spiritu
699 2963 893 3051 ducimus.
974 2998 976 3001 ·
1015 2992 1017 2995 ·

262 3076 356 3163 lllud
378 3102 529 3182 autern,
547 3078 661 3193 quod
686 3079 806 3167 vincit
833 3073 1099 3182 haec'omnia,
1126 3077 1317 3164 rationem
1338 3076 1432 3165 dico
1444 3142 1457 3183 ,
1484 3080 1552 3180 δι,
1574 3080 1602 3164 sr
1622 3125 1682 3145 ·-

194 3190 347 3306 placet,
372 3191 545 3306 pluribus
559 3191 709 3297 verbis,
722 3218 892 3309 mentem
906 3259 920 3299 ,
933 3193 1137 3280 consilium
1152 3256 1166 3296 ,
1181 3193 1478 3305 cogitationem,
1497 3221 1594 3301 pru·
1614 3298 1617 3301 ᾗ
1638 3174 1662 3249 7

193 3306 399 3411 dentiam,
425 3304 493 3393 ubi
516 3308 894 3396 invenimussunde
916 3306 1167 3395 sustulimus?
1187 3312 1399 3394 Ancaetera
1428 3308 1613 3395 mundus·
1649 3345 1652 3354 ·

192 3422 362 3508 habebit
385 3428 548 3529 omnia,
570 3427 651 3511 hoe
673 3454 824 3529 utrum,
851 3424 964 3539 quod
998 3422 1153 3538 plurimi
1184 3423 1263 3527 est,
1286 3451 1370 3509 non
1400 3421 1558 3510 habebi:
1580 3430 1604 3509 2
1654 3480 1659 3490 ·

191 3544 325 3653 Atqui
351 3542 455 3625 certe
479 3539 570 3626 nihil
594 3544 773 3627 omnium
796 3568 924 3626 rerum
948 3540 1083 3625 melius
1100 3536 1154 3620 est
1185 3536 1368 3643 mundo,
1390 3540 1484 3627 nihil
1502 3558 1613 3652 prat-³
1648 3568 1668 3584 ²

191 3653 396 3759 stabilius,
422 3654 514 3739 nihil
532 3655 754 3767 pulchrius:
787 3684 860 3741 nec
894 3654 1022 3741 solum
1051 3650 1144 3736 nihil
1170 3654 1245 3756 eil,
1276 3652 1340 3737 sed
1362 3678 1412 3737 ne
1437 3657 1602 3767 cogitari

190 3769 365 3881 quidem
385 3769 604 3885 quidquam
627 3772 763 3860 melius
787 3772 924 3884 potest.
954 3776 1025 3873 Et,
1050 3767 1078 3851 fi
1103 3765 1315 3854 ratione&
1341 3770 1522 3881 sapientis
1538 3772 1601 3852 ni-

187 3884 255 3969 hil
281 3890 333 3971 esi
358 3885 521 3989 melius,
551 3891 699 3974 necesse
719 3892 771 3971 est
801 3890 885 3973 haec
908 3887 1024 3971 inesse
1056 3888 1100 3971 in
1122 3909 1208 3986 co,
1245 3881 1363 4000 quod
1398 3883 1598 3999 optimum

189 4000 280 4085 effe
300 3999 568 4087 concedimus.
1070 4024 1075 4029 ’
1568 4050 1572 4057 -

262 4116 374 4237 Qrid
394 4123 523 4205 verb?
542 4139 647 4202 tanta
671 4146 798 4203 rerum
823 4114 1092 4217 consentiens,
1113 4108 1360 4223 conspirans,
1386 4117 1599 4199 continua·

184 4253 235 4317 ta
258 4236 472 4345 cognatio,
498 4259 617 4349 quem
646 4261 729 4321 non
750 4254 868 4347 coget
890 4258 962 4337 ea,
987 4258 1075 4344 quae
1098 4226 1329 4313 dicuntur&
1361 4252 1450 4329 me,
1482 4258 1598 4314 com·

183 4344 408 4460 probare?
430 4351 610 4438 Possstne
630 4350 663 4396 ¹⁷
680 4380 764 4438 uno
781 4370 960 4464 tempore
979 4348 1142 4448 florere,
1166 4339 1310 4428 deinde
1323 4340 1599 4441 ,vicilstmhor-
1621 4452 1626 4459 ι

913 4512 917 4519 -
1047 4488 1049 4493 ·
1183 4494 1188 4501 ·
1489 4488 1607 4548 rere

180 4632 282 4695 libris
297 4630 403 4691 secutus
421 4630 492 4693 sum.
513 4634 541 4691 P.
562 4634 738 4692 Mtuurws.
870 4654 872 4657 ·
913 4654 997 4693 unam
1014 4633 1210 4711 interpretatur
1233 4633 1383 4710 quondam.
1419 4628 1508 4690 Plane.
1535 4654 1614 4696 uitur·

238 4732 294 4783 17.
316 4712 426 4792 Poffe'me
441 4736 494 4773 uno
512 4721 644 4795 tempore]
666 4716 721 4772 Uno
750 4729 881 4795 tempore,
907 4715 1056 4795 sercou...
1074 4736 1145 4775 rmus
1170 4731 1323 4783 amaron..
1344 4713 1527 4796 ummlusper.
1539 4716 1613 4787 Pru,

17 4804 43 4823 ·‘
178 4795 448 4876 quemadmodum
463 4796 659 4859 adnarrant.
675 4808 720 4853 ισ.
738 4814 814 4853 unus
826 4814 881 4855 ma
915 4815 947 4856 ra
966 4794 1043 4857 affert
1057 4798 1192 4875 exempla
1209 4798 1290 4857 Joarr.
1310 4795 1455 4866 roribus,
1476 4800 1509 4857 de
1527 4800 1606 4867 Lari<

177 4876 378 4960 niprdarir...
406 4876 512 4939 Catuli.
541 4898 612 4937 unm
652 4864 883 4957 caprimulgus..
919 4878 1042 4961 ninsalso
1053 4876 1269 4961 subtilem«.
1288 4880 1473 4951 monimus·

18 4954 42 4987 ”³
175 4962 316 5022 Terent.
335 4976 418 5037 marn
432 4957 658 5039 adolescenmlm,
684 4956 736 5024 ubi
756 4960 886 5023 ΗΘΜ
