4259 5592
470 469 758 565 crocu
814 468 1265 587 Qurnrus
1483 518 1563 599 23,
1660 482 1685 505 ··

179 655 349 764 haben,
365 682 438 743 cur
455 658 720 773 appetendum
742 658 814 761 lit,
834 653 877 741 id
897 654 1022 743 solum
1043 656 1197 749 bonum
1218 660 1402 776 appellen
1416 625 1567 761 beatim

173 776 220 866 :³
235 794 369 863 autem
382 773 503 857 vitam
520 797 607 859 eam
631 774 767 877 mm,
786 796 874 886 quc
891 798 986 857 cum
1006 778 1148 863 virtute
1166 775 1340 890 degatur.

184 932 188 939 ·
238 891 280 977 si
300 888 351 973 de
370 912 412 970 re
431 884 630 999 disceptari
657 908 845 1000 oportet:
863 883 966 971 nulla
986 890 1082 974 mihi
1106 912 1264 993 tecum,
1287 894 1420 997 Cato,
1437 902 1565 1007 potest

173 1004 260 1088 effe
277 1000 467 1086 dissensio.
507 998 614 1125 Nihil
633 999 687 1081 est
704 998 837 1103 enim,
855 995 907 1082 de
930 1030 1015 1115 quo
1040 1001 1145 1088 aliter
1168 1003 1301 1091 sentias
1319 1024 1439 1119 atque
1460 1036 1537 1125 ego
1551 1048 1563 1102 ς

173 1113 307 1231 modo
324 1133 572 1199 commutans
587 1110 714 1198 verbis
730 1112 829 1227 ipsas
847 1138 907 1198 res
918 1114 1179 1203 conl‘erarnus
1207 1122 1296 1203 Nec
1311 1118 1390 1205 hoc
1404 1119 1463 1206 ille
1480 1154 1565 1211 non

172 1229 297 1333 vidit,
312 1225 375 1312 sed
404 1224 616 1313 verborum
637 1224 921 1342 rmgnificentii
944 1232 998 1315 cst
1022 1232 1061 1315 8(
1082 1226 1205 1345 gloril
1229 1228 1464 1321 delectatus:
1494 1243 1565 1353 qui

175 1348 204 1433 fi
220 1372 293 1447 ea,
308 1369 395 1457 quc
411 1338 520 1445 dicit,
528 1345 580 1442 ita
595 1341 745 1429 sentiret
754 1406 768 1447 ,
788 1364 833 1428 ut
843 1342 961 1428 verba
972 1344 1213 1457 srgnifieanm
1231 1345 1329 1459 quid
1345 1352 1563 1457 inteream,

176 1458 238 1549 vel
254 1457 529 1575 Pyrrhonem,
555 1457 617 1541 vel
644 1457 862 1543 Aristonem
884 1458 1100 1548 intereffet?
1127 1463 1194 1544 Sin
1223 1476 1354 1545 autem
1378 1486 1449 1546 eos
1476 1492 1562 1550 non

178 1566 398 1775 ppolsdpsbat,
419 1569 519 1769 quid
540 1575 692 1659 attinuit
707 1600 801 1658 cum
812 1575 858 1658 iis
869 1635 883 1676 ,
895 1568 1127 1688 quibuscum
1147 1600 1187 1658 rc
1201 1568 1459 1679 concinebat,
1477 1604 1564 1665 ver-

209 1720 242 1777 rs
403 1711 467 1771 are
1774 1696 1777 1703 ’

238 1712 401 1927 Qgep
420 1799 644 1889 reviviscant
664 1801 852 1889 Platonici
870 1798 947 1907 illi,
966 1802 1211 1915 &deinceps
1237 1805 1307 1919 qui
1328 1832 1466 1891 eorum
1490 1834 1563 1893 au-
1577 1834 1634 1855 ···

177 1919 325 2005 ditores
343 1916 520 2020 mentm,
533 1917 574 2002 δι
591 1936 725 2002 tecum
745 1921 798 2002 ita
817 1916 1053 2033 loquantur?
1074 1924 1163 2007 Nos
1178 1922 1271 2005 cum
1284 1940 1344 2023 te,
1367 1924 1422 2005 M
1433 1924 1562 2026 Cato,
1579 1898 1630 1955 ²²

176 2031 487 2158 studiostfliruum
509 2028 762 2146 philosophia
774 2095 787 2136 ,
806 2030 1041 2143 plnffimum
1058 2035 1214 2137 virum,
1239 2037 1439 2145 optimum
1461 2034 1564 2144 judi-

176 2176 287 2251 cem,
305 2144 620 2259 rengiofirsmum
642 2146 777 2231 tellem
799 2144 1049 2250 audiremus,
1073 2143 1249 2231 admirati
1277 2146 1438 2249 sumus,
1465 2145 1564 2262 quid
1599 2214 1603 2221 .
1714 2163 1716 2169 ’

176 2264 290 2365 ess'ot,
315 2288 388 2346 cur
403 2256 521 2347 nobis
537 2260 691 2346 Stoicos
716 2256 942 2366 anteferres,
973 2266 1045 2377 qui
1071 2258 1122 2344 de
1146 2256 1259 2344 rebus
1281 2258 1398 2345 bonis
1420 2261 1563 2347 &ma-

177 2376 417 2465 lis'sentirent
438 2400 510 2478 ea,
534 2402 621 2487 quae
642 2372 694 2461 ab
714 2374 796 2461 hoc
816 2373 1030 2462 Polemone
1053 2378 1166 2461 Zeno
1185 2396 1449 2487 cognoveratt
1483 2404 1563 2463 no·

176 2486 346 2578 minibus
371 2508 570 2575 uterentur
585 2485 658 2589 iis,
682 2516 769 2602 quae
790 2483 912 2602 primrl
937 2488 1060 2600 specie
1078 2484 1401 2586 admirationem
1428 2513 1469 2572 re
1490 2517 1561 2576 ex-

176 2602 340 2721 plicati,
377 2602 728 2738 ristmrgmoverene
765 2604 832 2687 Tu
857 2627 1012 2706 autem,
1036 2604 1066 2700 li
1087 2596 1159 2685 tibi
1181 2601 1239 2688 illa
1270 2596 1561 2715 probabantur,

175 2746 449 2922 etune
472 2711 1073 2944 ulcisceremur
1091 2718 1358 2943 tellau

174 2944 426 3064 teponebasl
446 2946 648 3058 prasertim
670 2947 764 3031 cum
786 2946 826 3028 in
847 2942 1042 3058 republica
1061 2942 1241 3056 princeps
1262 2945 1338 3028 effe
1362 2942 1493 3049 velles,
1507 2944 1559 3029 ad

174 3070 344 3180 calorque
369 3057 558 3146 tuendam
581 3084 674 3143 curn
690 3055 837 3143 summa
850 3080 916 3143 nn
936 3057 1123 3173 dignitate
1140 3060 1306 3144 maxime
1325 3054 1476 3145 anobis
1490 3087 1558 3146 or-

173 3183 254 3265 nari
281 3194 399 3290 atque
417 3172 550 3260 instrui
569 3171 726 3284 polles?
754 3168 884 3257 Nobis
900 3177 1003 3255 enim
1027 3172 1095 3255 ista
1112 3172 1291 3285 quesita,
1313 3171 1466 3257 duobis
1487 3170 1561 3276 de-

52 3339 55 3347 ·
170 3296 335 3404 scripta,
355 3310 513 3391 notata,
533 3308 723 3399 praeoepta
755 3282 864 3371 sunt:
892 3284 1153 3400 omniumque
1188 3283 1559 3397 rerumpublicarum

171 3404 392 3508 reffiones,
416 3426 582 3516 genera,
612 3399 753 3501 status,
783 3402 1039 3505 mutationes,
1062 3398 1165 3512 leges
1184 3396 1362 3484 etiam&
1390 3400 1561 3486 instituta

155 3534 215 3608 'ac
229 3546 363 3635 mores
377 3518 575 3602 civitatun
593 3512 883 3627 perscripsnnus.
911 3512 1152 3627 Eloquentiae
1166 3514 1282 3617 verb,
1295 3540 1382 3627 quae
1397 3513 1436 3599 δι
1451 3518 1561 3627 prin-

169 3631 328 3747 cipibus
348 3630 516 3716 maxime
536 3650 768 3715 onumento
792 3630 845 3711 est
856 3688 871 3731 ,
891 3626 932 3713 δι
949 3656 1029 3741 qua
1047 3648 1087 3711 te
1103 3624 1322 3712 audivimus
1335 3626 1458 3711 valere
1471 3626 1560 3740 plu·
1614 3652 1617 3657 ’

168 3744 343 3853 nmium,
362 3766 553 3860 quantum
571 3739 642 3829 tibi
668 3768 719 3827 ex
740 3741 1005 3829 monumentis
1028 3740 1165 3829 nostris
1190 3738 1433 3827 addidisses?
1493 3844 1495 3849 Ι

899 3862 939 3941 G
961 3885 990 3967 g
1047 3885 1070 3939 2
1502 3858 1556 3940 Ea

161 4107 348 4175 temnendus]
369 4099 549 4164 Hociortalle
567 4094 841 4173 videntnliiqnbre
883 4094 1152 4160 mammeam,
1174 4088 1375 4169 rescripserim,
1393 4110 1444 4149 non
1464 4106 1496 4148 ut
1513 4088 1557 4149 su·

160 4181 412 4253 fermutmlhi,
430 4178 543 4243 homini
559 4198 619 4239 non
646 4194 748 4247 acuto,
769 4192 845 4237 tene·
883 4172 1126 4254 dlhillaqsudm
1150 4172 1182 4231 &
1202 4168 1556 4248 contemnendo....sedm
1705 4194 1707 4199 ·

158 4268 234 4328 bras
253 4264 308 4325 effe
326 4261 468 4326 confisae
506 4260 594 4335 vad
613 4257 633 4319 fi
649 4259 759 4339 legatur
776 4276 845 4318 curn
884 4260 930 4317 hoc
938 4257 1114 4327 judicamus
1125 4252 1182 4312 dcc.
1201 4254 1357 4311 Dnvssrus.

158 4344 292 4429 sigonii
309 4342 382 4407 libro
393 4366 454 4404 non
469 4341 561 4423 facilia
583 4341 629 4401 illa
652 4343 777 4423 quidem,
798 4358 845 4398 nec
926 4353 972 4408 25·
994 4342 1100 4394 &atam
1114 4351 1200 4393 mrem
1216 4336 1301 4391 viram
1316 4350 1372 4389 eam
1384 4326 1556 4411 solamque

155 4428 360 4489 contemnenda
377 4448 388 4491 r
407 4442 495 4485 nemo
521 4421 575 4482 erit
598 4422 769 4483 amnena
795 4419 845 4497 qui
883 4439 943 4480 cnm
961 4421 1059 4477 wrote
1077 4416 1206 4495 degum
1228 4414 1274 4471 An
1292 4410 1378 4491 igitur
1393 4408 1557 4471 Academici

155 4510 223 4569 lraec
240 4528 309 4569 nou
320 4524 417 4568 cernat
434 4508 471 4569 ab
489 4500 524 4562 iis
544 4504 669 4581 pendere
686 4522 744 4583 que
757 4504 826 4563 «lura
834 4540 845 4571 ,
883 4498 930 4561 vel
946 4495 1120 4575 Peripatetici
1139 4493 1224 4555 vitam
1252 4495 1364 4553 beatam
1379 4490 1435 4551 fine
1455 4488 1558 4551 virtute

153 4590 300 4685 ‘dffcilim
316 4586 428 4666 advnffl
450 4588 600 4646 vilemve.
619 4586 650 4643 Ρ.
669 4584 845 4644 Mnuurrus.
881 4579 955 4658 pose
969 4576 1028 4638 fieri
1049 4570 1266 4643 concedebant?
1285 4572 1377 4636 Nullo
1393 4574 1491 4633 modo.
1502 4574 1556 4633 Pro

151 4667 347 4753 Nrfijforsan
366 4667 556 4747 hthuaedan
573 4661 846 4742 seoncqmaqu}
881 4658 1008 4721 Zenonis
1034 4657 1127 4734 itaque
1160 4652 1292 4716 sententia
1321 4654 1400 4735 legas
1428 4670 1559 4733 oportet,

153 4756 232 4815 dem
246 4751 441 4814 vehementer
458 4745 579 4829 suspicor
597 4767 608 4816 ;
626 4746 714 4808 uuuu
727 4742 793 4807 libri
802 4741 846 4803 Si-
883 4744 988 4802 boum
1007 4756 1095 4799 mm
1104 4741 1191 4797 vitam
1208 4756 1266 4799 eam
1279 4755 1337 4821 qve
1353 4732 1411 4798 sole
1423 4744 1491 4797 nrm'
1501 4738 1560 4807 νὶτς

150 4828 368 4917 eonianiuui
385 4826 640 4909 usumfructus
657 4826 850 4911 uam,
883 4823 1069 4907 mrem·
1089 4819 1184 4896 lma
