4259 5592
526 464 612 559 aa
760 432 1801 528 .nansruasnsoaun

520 632 642 734 suot,
665 624 762 743 quia
787 624 976 739 nusquam
1002 624 1213 713 colunture
1237 650 1323 736 quo
1347 621 1475 741 modo
1505 620 1557 708 illi
1582 619 1709 719 sunl?
1724 620 1826 707 Vrde
1851 622 1925 737 igi-

524 770 623 848 tur,
649 771 700 827 ne
721 738 929 827 virtutibus
956 743 1164 827 hominum
1186 738 1245 823 isti
1271 740 1445 823 honores
1468 732 1705 845 habeantur,
1735 768 1820 826 non
1851 743 1927 822 im-

526 852 846 963 mortalitatibus:
877 854 991 967 quod
1017 882 1060 941 tu
1085 846 1276 967 quoque,
1297 846 1432 956 Balbe,
1460 852 1558 939 visus
1579 880 1619 939 es
1639 852 1780 939 dicere.

587 978 687 1087 Qo
710 968 839 1057 modo
861 995 993 1055 autem
1015 990 1156 1084 potes,
1177 968 1205 1050 sr
1231 971 1419 1053 Latonam
1442 966 1559 1053 deam
1589 992 1727 1080 putas,
1750 974 1927 1053 Hecaten

527 1116 615 1173 non
632 1110 791 1198 putare,
814 1093 936 1197 quae*
955 1110 1076 1171 matre
1104 1081 1247 1169 Asteris
1269 1082 1323 1165 est
1336 1144 1349 1185 ,
1379 1082 1510 1170 sorore
1538 1086 1723 1175 latonae?
1755 1088 1819 1168 An
1842 1084 1926 1169 hac

526 1228 699 1315 quoque
722 1199 797 1285 dea
822 1199 912 1283 est?
932 1201 1101 1285 vidimus
1120 1200 1224 1283 enim
1241 1196 1319 1306 ejus
1339 1224 1421 1282 aras
1445 1193 1687 1305 delubrisque
1710 1199 1750 1281 in
1765 1199 1924 1284 Gracia

523 1317 595 1401 Sin
618 1318 701 1402 haec
725 1313 800 1399 dea
820 1313 900 1419 est,
921 1344 990 1400 cur
1011 1345 1095 1414 non
1116 1310 1374 1400 Eumenides?
1400 1318 1500 1431 Quae
1529 1312 1557 1397 sr
1579 1310 1664 1396 deae
1686 1312 1799 1416 sunt,
1823 1340 1924 1424 qua-

522 1456 614 1515 rum
631 1433 684 1531 8(
706 1430 867 1516 Athenis
888 1430 1022 1514 sanum
1046 1432 1125 1533 est,
1153 1428 1192 1512 8(
1218 1425 1326 1539 apud
1358 1455 1456 1530 nos,
1488 1449 1531 1511 ut
1560 1454 1640 1540 ego
1666 1426 1924 1540 interpretor,

528 1542 643 1631 lucus
666 1549 837 1629 Furina:
859 1543 978 1629 Furia
1002 1544 1085 1631 dea
1108 1546 1221 1646 lunt,
1245 1538 1536 1655 speculatrices,
1561 1540 1710 1645 credo,
1735 1541 1775 1625 8(
1796 1540 1925 1626 vindi·

521 1687 593 1743 ces
609 1659 856 1763 facinorum,
878 1660 917 1743 8(
941 1659 1132 1745 scelerum.
1564 1652 1568 1663 ¹

585 1774 712 1971 (grid
730 1772 863 1857 srtales
886 1771 941 1858 dii
965 1774 1049 1859 sum
1063 1838 1076 1879 ,
1092 1798 1134 1861 ut
1149 1773 1264 1858 rebus
1286 1768 1465 1857 humanis
1484 1770 1674 1855 intersint:
1687 1770 1808 1857 Natio
1817 1800 1926 1882 quo·-

523 1914 607 2000 que
663 1915 708 1972 ea
761 1886 907 1972 utanda
928 1889 1003 1975 est:
1029 1894 1120 1992 cui,
1143 1896 1236 1975 crim
1259 1884 1347 1971 sana
1366 1884 1573 1973 circuimus
1595 1884 1637 1971 in
1652 1912 1746 1997 agro
1766 1886 1926 1974 Ardeae.

523 2005 578 2103 ti,
606 2028 688 2084 rem
712 1918 886 2085 divinam
918 2001 1043 2087 sacete
1062 2003 1237 2087 solemus.
1267 2007 1367 2121 Qa
1389 2003 1481 2114 quia
1510 2022 1642 2111 partus
1663 2010 1924 2085 annonarum

526 2138 683 2201 tueatur
696 2179 710 2219 ,
738 2119 761 2201 a
784 2113 1027 2203 nascentibus
1057 2118 1179 2205 Natio
1204 2120 1404 2203 nominata
1433 2116 1496 2199 ell.
1537 2117 1591 2197 Ea
1616 2114 1643 2197 sr
1666 2112 1741 2199 dea
1761 2114 1842 2213 en,
1867 2114 1925 2201 dii

528 2258 668 2314 omnes
697 2229 747 2315 illi
770 2234 840 2343 qui
863 2230 1271 2319 commemorabantur
1296 2235 1319 2317 a
1345 2254 1409 2333 te,
1429 2233 1601 2331 Honos,
1625 2228 1757 2330 Fides,
1789 2235 1924 2333 Mens,

527 2344 774 2429 Concordia.
803 2348 909 2461 Ergo
933 2351 1047 2431 etiam
1070 2354 1193 2461 Spes,
1217 2351 1405 2453 Moneta,
1428 2339 1669 2455 omniaque,
1700 2370 1791 2445 quae
1813 2347 1923 2457 cogi·

526 2464 676 2544 tatione
704 2455 895 2572 nobismet
915 2461 1002 2571 ipsas
1027 2468 1233 2575 possumus
1257 2461 1413 2573 fingere.
1443 2456 1570 2576 Qod
1587 2455 1923 2544 stverisrmilenon

530 2574 606 2658 est:
633 2598 684 2656 ne
709 2570 803 2657 illud
833 2572 994 2685 quidem
1015 2578 1095 2680 est,
1122 2580 1205 2663 hac
1224 2572 1329 2660 unde
1356 2576 1564 2659 fluxerunt.
1782 2645 1787 2653 .

450 2746 513 2767 ,-
587 2685 698 2809 Qud
718 2711 850 2772 autem
863 2685 1000 2774 dicis?
1015 2692 1043 2775 sr
1060 2690 1118 2777 dii
1135 2692 1220 2775 liant
1239 2688 1289 2775 illi
1302 2753 1316 2793 ,
1330 2714 1434 2801 quos
1456 2687 1621 2772 coimus
1639 2687 1920 2798 &accipimuse

460 2793 512 2868 ¹9
525 2830 599 2887 cur
618 2832 703 2887 non
724 2802 870 2887 eodem
889 2808 930 2888 in
950 2831 1094 2917 genere
1115 2809 1287 2917 Serapim
1299 2868 1312 2909 ,
1324 2805 1488 2914 lsimque
1504 2811 1777 2890 numeremus?
1795 2798 1921 2905 Quod

527 2916 738 3013 srsacimus
757 2980 771 3019 ,
791 2946 861 3001 eur
883 2917 1139 3006 barbarorum
1160 2920 1258 3005 deos
1279 2916 1553 3029 repudiemus?
1575 2922 1702 3003 Boves
1722 2920 1862 3029 iginrr,
1882 2917 1921 3000 8(

527 3058 681 3143 equos,
698 3026 805 3133 ibes,
825 3032 1048 3145 accipitres,
1073 3034 1243 3149 aspidas,
1262 3030 1513 3133 crocodilos,
1532 3028 1679 3143 pisces,
1697 3058 1835 3131 canes,
1861 3032 1921 3114 lu·

525 3172 630 3266 pos,
656 3143 760 3247 seles,
779 3145 920 3231 multas
939 3172 1120 3259 praterea
1142 3149 1305 3251 belluas,
1320 3150 1360 3231 in
1380 3144 1547 3230 deorum
1573 3171 1783 3231 numerum
1806 3172 1922 3258 repo-

525 3286 677 3391 nemus.
709 3265 809 3381 Qec
827 3262 854 3344 sr
873 3260 1112 3373 rejiciamus,
1130 3263 1190 3349 illa
1206 3287 1371 3377 quoque
1388 3258 1495 3347 unde
1515 3254 1598 3347 htec
1619 3282 1707 3345 nata
1727 3257 1841 3363 lurrt,
1863 3285 1922 3343 re·

522 3400 707 3487 sacremus.

584 3486 701 3595 Quid
722 3484 892 3580 deinde?
915 3494 1013 3596 loo,
1032 3491 1106 3577 dea
1125 3491 1301 3595 dicetur,
1323 3510 1410 3604 otta
1427 3491 1652 3579 leucothea
1668 3493 1692 3575 a
1706 3485 1921 3592 Gracina

524 3598 643 3689 nobis
662 3608 812 3692 Matuta
833 3602 1001 3709 dicitur,
1023 3604 1116 3694 ciam
1129 3609 1176 3693 srt
1192 3603 1335 3701 Cadmi
1357 3604 1456 3695 lilii?
1486 3608 1602 3689 Circe
1617 3608 1774 3708 autem,
1795 3604 1836 3689 8(
1850 3608 1921 3689 Pa·

522 3717 687 3829 siphae,
713 3717 743 3801 ὲ
763 3717 960 3825 Perseide,
983 3722 1136 3809 Oceani
1157 3718 1259 3822 filis,
1282 3738 1405 3821 nata,
1427 3744 1534 3835 patre
1555 3717 1673 3823 Sole,
1691 3722 1732 3803 in
1753 3718 1921 3804 deorum

524 3858 694 3920 numero
715 3860 799 3915 non
819 3831 1086 3928 habebuntur?
1101 3848 1338 3950 Quanquam
1354 3840 1499 3922 Circen
1515 3861 1680 3946 quoque
1692 3836 1828 3922 coloni
1846 3860 1922 3917 no-

524 3945 592 4035 stri
614 3948 850 4032 Circeienses
877 3949 1055 4065 religiose
1077 3952 1224 4039 colunt.
1267 3956 1371 4069 Ergo
1400 3952 1502 4035 hanc
1522 3947 1636 4033 deam
1656 3948 1763 4035 dicis.
1810 3944 1922 4072 Qtid

526 4058 680 4171 Medea
701 4059 974 4179 respondebis?
987 4096 1074 4179 qua
1091 4068 1252 4153 duobus
1266 4074 1369 4167 avis,
1383 4064 1471 4167 Sole
1486 4066 1524 4149 8(
1539 4068 1720 4169 Oceano,
1729 4066 1836 4153 AEeti
1854 4090 1923 4175 pe·

529 4195 611 4278 tre,
628 4197 750 4263 matre
762 4175 875 4289 ldyial
895 4208 1097 4292 procreata
1117 4186 1181 4267 est.
1210 4180 1322 4303 Qid
1345 4181 1458 4289 hujus
1476 4180 1644 4294 Absyrto
1662 4181 1779 4283 fratri,
1789 4178 1922 4297 quiesi

527 4290 641 4403 apud
662 4296 877 4381 Pacuvium
900 4295 1112 4411 AEgialeus?
1134 4296 1199 4383 sed
1222 4296 1315 4384 illud
1337 4325 1484 4387 nomen
1508 4319 1684 4384 veterum
1709 4295 1824 4385 literis
1848 4298 1923 4385 usr-

575 4475 579 4481 -
1792 4418 1914 4505 tatius

429 4614 439 4623 ·
530 4595 640 4657 Cicero
659 4598 898 4674 exeoprobatet‚
910 4595 976 4661 illos
999 4620 1059 4661 non
1070 4599 1122 4661 esse
1132 4601 1218 4669 deos,
1253 4599 1389 4662 tributum
1414 4600 1492 4665 suill'e
1517 4606 1598 4665 antes
1616 4618 1797 4665 memorarat.
1816 4602 1919 4659 Prisc

530 4677 723 4770 qubdqnullus
748 4678 805 4737 illis
826 4680 917 4742 cultus
931 4681 1072 4743 adhibitus
1089 4679 1151 4742 suit.
1179 4684 1218 4740 At
1290 4682 1313 4729 ²¹
1334 4686 1436 4745 Lamb.
1456 4692 1528 4762 euius
1544 4705 1682 4751 matertera
1698 4687 1797 4771 ΑΜ
1810 4682 1919 4761 ellam·

528 4761 710 4830 hocmdenrr
732 4778 830 4821 contra
842 4780 970 4823 mentem
986 4762 1151 4833 Ciceronis,
1169 4762 1218 4841 qui
1253 4782 1291 4825 ter
1309 4768 1436 4831 utana?
1519 4838 1526 4847 ⁸

529 4862 581 4936 pes
597 4860 701 4912 rocem
719 4842 759 4905 illi
769 4839 903 4934 intelligit
915 4860 982 4923 eos,
996 4846 1098 4934 qubus
1109 4843 1219 4913 carlmm
