4259 5592
456 374 744 471 LIBER
800 368 1232 505 Taurios
1464 400 1541 497 ⁶41

169 566 252 653 dari.
281 564 557 687 Quamobrem
578 560 611 650 ii
629 594 738 655 mens
755 565 1013 679 voluntasque
1027 558 1161 654 dlvina
1184 567 1336 655 idcirco
1358 567 1551 655 consuluit

168 677 409 786 hominibus,
431 680 545 796 quod
569 680 614 771 iis
645 682 776 798 largita
799 683 854 795 est
884 687 1099 775 tationem:
1134 682 1182 767 iis
1212 683 1296 770 solis
1325 684 1553 790 consuluit,

169 802 263 910 qnos
289 792 396 881 bona
421 796 570 881 rafione
591 790 780 885 donavit:
814 826 919 912 quos
939 796 1195 901 ridemus‚si
1220 796 1347 884 modo
1364 797 1428 882 ulli
1449 799 1549 902 sunt,

167 911 235 994 elle
254 934 484 1022 perpaucos.
530 914 628 999 Non
654 911 779 1025 plaoet
811 936 941 997 autem
961 911 1146 1024 paucisl
1172 910 1247 995 diis
1268 912 1550 997 immortalibus

167 1024 235 1109 elle
259 1022 486 1109 consultum.
515 1023 698 1139 Sequitur
717 1052 842 1139 ergo,
862 1048 907 1111 ut
925 1026 1071 1110 nemini
1092 1023 1312 1113 consultum
1338 1028 1393 1112 sit

218 1138 326 1225 Huic
337 1110 439 1224 loco
452 1140 506 1225 sic
524 1136 649 1227 soletis
664 1166 892 1226 occurrere:
916 1147 1014 1229 Non
1036 1139 1186 1226 idcirco
1212 1170 1297 1227 non
1308 1140 1459 1253 optime
1472 1166 1619 1281 noa-3

166 1254 219 1338 iis
250 1252 372 1341 titis
400 1254 477 1338 erre
500 1253 723 1373 provisum,
753 1254 866 1367 quod
889 1254 1159 1341 misticorum
1178 1254 1374 1343 mincio
1395 1226 1585 1368 perio-²
1633 1332 1637 1342 .

167 1369 203 1452 se
222 1390 442 1454 uterentur:
468 1368 582 1455 etiam
604 1374 844 1483 patrimoniis
871 1366 1015 1461 mulms
1039 1370 1138 1457 male
1162 1376 1249 1458 uti:
1283 1398 1357 1456 nec
1375 1365 1433 1455 ob
1465 1391 1552 1452 eam

166 1480 310 1566 causam
325 1510 395 1568 eos
410 1480 863 1595 beneficiumtpatribus
878 1481 1027 1569 nullum
1043 1482 1195 1571 habere.
1224 1485 1442 1601 Qiisquam
1455 1482 1551 1569 illuc

167 1619 277 1709 negat
287 1599 312 1678 2
333 1620 399 1681 aut
416 1626 505 1709 quat
531 1598 584 1683 est
604 1602 640 1643 ⁴¹
659 1603 700 1681 iri
733 1598 940 1685 collatione
957 1597 1025 1685 istt
1046 1599 1298 1685 similitudo?
1324 1604 1413 1685 Nec
1447 1600 1554 1681 enim

167 1708 320 1794 Herculi
340 1714 519 1797 Deianira
536 1736 680 1798 nocere
690 1712 844 1815 voluit,
863 1718 958 1798 clim
972 1718 1007 1797 ei
1024 1713 1224 1818 tunicam,
1245 1713 1428 1827 sanguine
1442 1718 1553 1799 Ceri-

167 1828 260 1907 tauri
286 1826 471 1929 tinetan,
496 1825 630 1914 dedit:
650 1855 723 1911 nec
753 1825 934 1939 prodess'e
953 1830 1113 1913 Pherao
1133 1831 1169 1873 ⁴²
1187 1827 1309 1949 jasoni
1322 1834 1375 1929 is,
1391 1830 1459 1939 qui
1470 1826 1554 1939 gla.

167 1936 232 2022 dio
258 1942 455 2025 vomicam
474 1940 553 2051 ejus
577 1938 754 2077 aperuit,
804 1966 895 2024 uam
919 1938 1046 2027 sanare
1065 1940 1208 2029 medici
1229 1970 1313 2026 iioii
1333 1962 1551 2050 potuerant.

167 2050 277 2137 Multi
294 2056 400 2136 enim
413 2115 427 2155 ,
439 2052 555 2139 etiam
573 2084 668 2139 cum
682 1970 816 2140 oberlli
838 2052 975 2139 vellent
985 2118 999 2159 ,
1013 2056 1278 2169 profuerunt,
1297 2056 1443 2141 &crim
1457 2082 1554 2167 pto-

169 2164 269 2249 deire
280 2225 293 2266 ,
319 2164 543 2253 obfuerunt.
572 2173 626 2254 lta
645 2196 726 2255 non
754 2165 799 2253 fit
814 2230 828 2274 ,
843 2195 893 2253 ex
910 2195 986 2274 eo,
1010 2167 1124 2283 quod
1146 2168 1291 2274 datur,
1311 2190 1355 2253 ut
1374 2168 1555 2257 voluntas
1586 2168 1592 2253 ζ

168 2280 269 2392 ejus,
322 2284 362 2364 ui
392 2279 563 2387 dederit,
585 2306 790 2399 appareati
814 2283 1036 2389 nec,s1is,
1063 2283 1134 2397 qui
1156 2283 1330 2395 accepit,
1348 2278 1448 2367 bene
1475 2285 1561 2368 otio

167 2419 254 2500 tur,
279 2308 427 2480 ildico
446 2395 504 2501 is,
524 2394 594 2511 qui
612 2397 742 2501 dedit,
764 2400 886 2485 amice
909 2394 1030 2485 dedit.
1060 2405 1161 2515 Qiae
1183 2401 1289 2483 enim
1303 2396 1449 2501 libido,
1464 2423 1554 2511 quat
1583 2497 1585 2500 ¹
1672 2401 1676 2410 '

167 2507 347 2613 avaritia,
372 2508 486 2623 quod
505 2510 654 2597 facinus
680 2534 746 2597 aut
764 2509 958 2625 sirscipitur
978 2514 1045 2600 nisi
1066 2511 1227 2599 consilio
1248 2534 1394 2625 capto,
1416 2535 1483 2597 aut
1504 2510 1555 2593 si-

166 2650 216 2707 iie
236 2628 350 2707 animi
369 2647 485 2711 motu
512 2626 551 2710 8(
570 2626 832 2739 cogitatione,
848 2624 891 2711 id
909 2629 992 2732 est,
1012 2630 1162 2713 ratione
1174 2688 1188 2730 ,
1202 2625 1430 2739 perficitur?
1450 2632 1555 2711 Nam

168 2736 295 2825 omnis
315 2737 458 2849 opinio
474 2743 572 2825 ratio
591 2747 667 2846 est,
694 2742 733 2827 &
760 2739 921 2854 quidem
946 2743 1053 2828 bona
1086 2740 1184 2828 ratio
1196 2802 1210 2844 ,
1249 2743 1278 2829 si
1309 2767 1422 2827 vera:
1456 2736 1556 2821 mala

166 2852 370 2953 autem,si
408 2851 494 2937 falsa
514 2852 567 2937 est
595 2859 746 2969 opinio.
786 2854 862 2939 Sed
886 2860 910 2942 ὲ
938 2856 1018 2941 deo
1043 2860 1195 2941 tantuin
1220 2859 1408 2940 rationem
1434 2849 1559 2938 habe·

167 2996 253 3052 mus
271 2966 331 3072 ,si
354 2965 480 3054 modi>
506 2964 717 3056 habemus:
742 2968 888 3055 bonam
915 2974 1250 3055 autemrationem
1263 3031 1276 3072 ,
1302 2989 1369 3053 aut
1383 2997 1466 3053 non
1479 2964 1559 3053 bo-

167 3111 259 3166 nam
278 3144 291 3185 ,
311 3083 334 3165 ὲ
355 3077 481 3167 nobis.
510 3087 607 3168 Non
628 3082 755 3186 enim,
777 3103 821 3167 ut
839 3087 1122 3195 patrimonium
1152 3081 1401 3195 relinquitur,
1422 3084 1474 3167 sic
1495 3110 1561 3167 ta·

167 3199 225 3281 tio
246 3194 399 3281 homini
420 3196 474 3279 est
496 3190 688 3282 beneficio
708 3195 874 3282 deorum
896 3195 996 3283 data.
1038 3197 1150 3320 Qid
1177 3197 1283 3281 enini
1313 3192 1446 3309 potius
1478 3198 1557 3280 ho-

88 3356 94 3369 ·
168 3310 339 3393 minibus
370 3309 589 3418 dedissent,
621 3312 648 3395 si
677 3310 722 3395 iis
749 3337 893 3395 nocere
913 3311 1156 3397 voluiffenti
1186 3310 1372 3424 injustitia
1397 3332 1555 3410 autern,
1624 3310 1629 3317 ’

167 3428 497 3536 intemperantia,
522 3424 731 3512 timiditatis
757 3454 845 3541 quae
873 3424 1176 3526 semiactum,
1200 3427 1229 3510 fi
1253 3426 1312 3509 his
1342 3428 1442 3511 vitiis
1459 3426 1566 3527 ratio

169 3568 255 3627 non
282 3537 474 3624 iubertet?
1566 3574 1571 3588 ’

229 3650 369 3740 Medea
396 3650 522 3742 modo
548 3654 748 3741 &Atreus
775 3650 1220 3741 commemorabantura
1238 3648 1376 3755 nobis,
1392 3653 1625 3783 heroicae}-

166 3768 368 3882 personae,
391 3764 483 3852 iniri
510 3767 778 3883 subduiiique
803 3774 976 3873 ratione,
996 3768 1140 3859 nefaria
1160 3767 1294 3854 scelera
1319 3766 1558 3851 meditantes.
1597 3729 1625 3803 ⁹

289 3880 393 3965 Tom.
431 3881 497 3967 Il.
878 3890 922 3969 M
950 3913 992 3967 m
1019 3914 1058 3968 m
1087 3914 1129 3969 m
1420 3878 1560 4003 Qidt

211 4147 260 4198 40.
271 4127 436 4283 JSppmflubiae
457 4126 573 4203 salutis]
595 4126 667 4207 Legi
699 4123 775 4203 pollit
809 4124 854 4219 spe
883 4124 956 4187 velit.
977 4121 1078 4187 Voluit
1102 4120 1182 4183 enim
1201 4118 1363 4182 fraterculus
1382 4118 1450 4191 ille,
1467 4117 1559 4179 Tullii

167 4203 260 4265 dubia

167 4287 341 4347 emendavit
372 4287 470 4349 Nostri
491 4306 587 4347 tamen
608 4289 719 4349 codices
737 4307 851 4367 receptae
885 4288 1003 4369 larionem
1022 4224 1070 4345 liu
1092 4282 1353 4361 comparationem,
1392 4304 1433 4343 uae
1451 4277 1561 4359 praces-

167 4364 308 4444 scripturae
338 4368 512 4447 pertinaciter
543 4369 697 4441 adherent,
717 4388 852 4445 neceam
887 4368 933 4439 fit,
951 4365 1024 4427 nihil
1038 4368 1148 4428 adrem
1166 4363 1258 4426 facere
1275 4304 1485 4427 raboldum
1496 4381 1561 4423 rno-

172 4466 294 4510 moveo.
314 4452 469 4523 Davisius
889 4448 956 4511 nuit
979 4452 1069 4509 larii.

215 4550 267 4602 41.Ἱ
285 4535 353 4609 Quae
375 4531 450 4609 estin
465 4528 616 4593 collatione
636 4526 852 4609 illafimilt'rudo]
931 4552 979 4604 4²·
1002 4532 1103 4588 Pheraeo
1116 4525 1227 4604 ’Μυκη
1248 4524 1322 4590 Vide
1336 4523 1406 4586 Plin.
1422 4544 1489 4585 vii.
1500 4543 1533 4597 51
1551 4562 1562 4593 ,

172 4608 249 4669 Non
268 4612 383 4681 dubito,
405 4613 472 4691 quiri
489 4616 630 4683 voces,irt
647 4610 857 4680 collatiorir‚lint
892 4612 922 4671 &
948 4632 1008 4689 quie
1028 4609 1070 4671 ibi
1104 4606 1247 4670 annotarit
1274 4610 1355 4668 loan.
1380 4605 1564 4675 lietduinus,

174 4690 331 4767 explicatio
348 4692 472 4765 librarii,
499 4692 627 4771 primitus
648 4695 683 4755 ad
698 4692 856 4770 marginem
892 4710 994 4771 quein,
1011 4688 1171 4752 studiorum
1186 4688 1260 4750 olim
1273 4706 1406 4750 meorum
1424 4686 1576 4764 fautorem

177 4768 299 4852 scripta,
313 4774 360 4840 sed
380 4796 440 4857 quae
458 4774 554 4857 pollet
573 4793 692 4839 teritum·
706 4770 859 4852 ipsumin·
894 4778 925 4838 di
940 4770 1200 4855 adjutoremhodie
1207 4768 1567 4835 oelitemnuwoossv·

352 4230 381 4276 s,
406 4224 489 4285 prout
506 4206 685 4285 amplillimos
714 4208 852 4268 Buherius
885 4223 1011 4266 mentem
1058 4202 1150 4263 lenius
1176 4202 1340 4263 declarare:
1361 4201 1491 4279 quocirca
1510 4202 1561 4258 col-
1639 4212 1643 4219 “
