4259 5592
554 474 639 568 an
812 436 1822 543 nrutrurtnnorun

538 688 541 695 =
610 646 745 754 ltaque
768 638 826 725 ill'a
848 640 944 725 mihi
964 630 1141 752 pta'cebat
1162 641 1291 725 oratio
1308 632 1341 675 ¹⁸
1355 633 1408 719 de
1422 637 1718 745 convenientia,
1734 638 1940 728 contenta

554 784 633 869 que
656 780 821 859 naturae,
845 784 964 869 quam
1011 753 1088 839 uasr
1109 756 1349 867 cognatione
1360 755 1628 838 continuatam
1649 754 1939 869 conspiraredn

549 872 675 957 cebas.
705 868 798 955 lllud
822 900 905 957 non
926 897 1001 985 pro
1030 865 1169 971 abant,
1186 866 1303 983 'quod
1328 865 1498 979 negabas
1527 867 1571 951 id
1593 868 1773 954 accidere
1792 871 1939 982 pontt

550 984 607 1089 se,
630 986 696 1069 nili
718 1014 763 1071 ea
777 987 811 1027 ¹⁹
824 1014 910 1071 uno
935 982 1074 1069 divino
1097 983 1227 1111 spiritu
1247 985 1521 1069 contineretur.
1548 982 1610 1069 llla
1625 987 1662 1087 ²⁰,
1675 990 1790 1073 verb²
1808 986 1941 1071 coha-

549 1124 606 1185 ret
628 1100 668 1185 &
690 1123 892 1213 permanet
913 1122 1055 1186 natura
1079 1094 1254 1201 vitibus,
1273 1126 1357 1183 non
1384 1093 1571 1184 deorum:
1589 1098 1725 1213 estque
1746 1098 1791 1183 in
1817 1100 1940 1184 eaille

549 1214 655 1329 quast
675 1212 906 1321 consensus,
929 1242 1048 1327 quam
1071 1210 1303 1313 eumdum
1322 1209 1449 1297 Greci
1474 1234 1629 1298 vocant.
1656 1210 1734 1298 Sed
1763 1240 1835 1317 ee,
1853 1242 1936 1328 quo
2028 1261 2031 1270 =

547 1332 613 1529 gua
640 1331 776 1441 sponte
800 1328 921 1435 maior
947 1326 1026 1431 eli,
1046 1354 1098 1414 eo
1122 1330 1254 1412 minut
1284 1322 1418 1412 divini
1440 1330 1589 1413 ratione
1612 1324 1696 1413 fieri
1719 1328 1938 1415 exiliiman-

577 1446 686 1531 aeli.
1162 1508 1166 1515 .
1771 1491 1777 1502 ·
1801 1511 1804 1517 .
1928 1517 1933 1524 .

475 1597 536 1615 ·-·
605 1560 665 1643 llla
691 1581 819 1645 autem
835 1562 888 1663 ²¹,
909 1586 995 1673 qua
1019 1556 1241 1644 Carneades
1269 1554 1475 1659 afferebat,
1495 1556 1839 1671 quemadmodum
1862 1556 1937 1644 dit

486 1644 716 1767 ¹²solvitis?
761 1680 798 1759 Si
827 1674 975 1759 nullum
1002 1699 1148 1781 corpus
1171 1670 1386 1757 immortale
1403 1671 1471 1771 stt,
1499 1671 1647 1755 nullum
1684 1675 1761 1757 elie
1791 1702 1935 1783 corpur

545 1788 830 1901 sempiternum.
859 1794 1020 1898 Corpus
1037 1806 1166 1869 autem
1193 1784 1410 1870 immortale
1431 1782 1579 1868 nullum
1599 1788 1699 1890 effe,
1723 1815 1773 1870 ne
1792 1787 1933 1871 indivi-

545 1900 670 1987 duum
697 1900 883 2016 quidem,
904 1928 977 1985 nec
992 1894 1117 2012 'quod
1145 1896 1301 2003 dirimi,
1322 1897 1524 1982 distrahive
1543 1928 1626 1983 non
1647 1902 1772 2011 poffit.
1800 1899 1932 1987 Ctim-

544 2043 625 2130 que
647 2044 767 2101 omne
794 2016 931 2101 animal
951 2012 1149 2127 patibilem
1161 2036 1336 2097 naturam
1360 2009 1525 2118 habeat,
1544 2014 1691 2099 nullum
1714 2018 1768 2097 est
1781 2042 1931 2119 eorum,

544 2128 658 2246 quod
680 2132 839 2247 effirgiat
859 2127 1076 2243 accipiendi
1096 2126 1241 2241 aliquid
1261 2128 1523 2229 extrinsecuS,
1548 2125 1590 2213 id
1620 2128 1702 2231 est,
1739 2128 1848 2243 quast
1872 2129 1932 2212 fe-

542 2245 652 2329 rendi
679 2247 718 2331 dt
741 2244 913 2359 patiendi
941 2242 1205 2328 trecellitatem.
1234 2244 1306 2345 Et,
1325 2244 1354 2326 st
1374 2268 1497 2327 omne
1515 2242 1655 2328 animal
1677 2242 1933 2348 mortaleest,

541 2360 757 2446 immortale
775 2360 923 2447 nullum
942 2358 1006 2443 ert
1036 2360 1141 2469 Ergo
1160 2354 1294 2442 itidem
1317 2360 1353 2395 ²²
1387 2357 1415 2441 sr
1443 2384 1564 2442 omne
1586 2358 1724 2445 animal
1752 2358 1867 2443 secari
1886 2388 1931 2443 ac

538 2471 666 2563 dividi
692 2476 848 2588 potest,
868 2472 1015 2559 nullum
1040 2470 1255 2556 elicorum
1279 2468 1552 2574 individuum,
1573 2471 1721 2557 nullum
1734 2495 1932 2558 aeternum.

541 2590 661 2703 Atqui
687 2618 807 2675 omne
828 2586 968 2675 animal
981 2584 1032 2672 ad
1046 2583 1313 2700 accipiendam
1335 2586 1417 2670 vim
1434 2593 1655 2691 externam,
1675 2588 1714 2671 8(
1733 2585 1931 2695 ferendam

539 2725 717 2816 paratum
738 2706 802 2789 eli.
832 2701 994 2791 Mortale
1018 2703 1135 2815 igitur
1152 2726 1279 2785 'omne
1299 2700 1462 2805 animal,
1480 2702 1522 2787 dt
1541 2696 1780 2806 dissolubile,
1804 2702 1844 2785 dr
1863 2700 1929 2786 di·

540 2817 708 2903 viduum
730 2819 774 2903 stt
791 2821 951 2904 necesse
976 2816 1041 2900 est.

600 2932 661 3017 Ut
675 2937 793 3036 enim,
813 2930 981 3019 [romnis
995 2958 1083 3015 cera
1101 2928 1388 3015 commutabilis
1406 2932 1523 3036 effer,
1546 2931 1639 3016 nihil
1656 2933 1750 3016 effer
1758 2958 1926 3037 cereum,

539 3044 656 3158 qrtod
675 3051 908 3137 commutari
921 3075 1004 3133 non
1016 3044 1165 3157 portet:
1182 3049 1273 3132 item
1287 3044 1380 3130 nibil
1392 3071 1617 3157 argenteum
1630 3109 1643 3149 ,
1656 3045 1750 3131 nihil
1764 3074 1929 3151 arreum,

542 3157 872 3253 stcommutabilit
893 3163 985 3249 effet
1007 3182 1142 3251 natura
1164 3156 1312 3275 argenti
1340 3161 1380 3246 δι
1410 3162 1517 3275 arist
1536 3160 1700 3250 imiliter
1720 3160 1876 3289 igitur,
1902 3164 1931 3246 fi

1766 3304 1928 3383 omma,

588 3530 633 3583 ra.
654 3526 742 3583 Oratio
767 3525 799 3583 de
824 3528 1024 3597 convenientia,
1048 3522 1215 3604 cursenstiqur
1249 3513 1279 3580 ll
1295 3524 1433 3604 partibus,
1447 3525 1564 3606 prostilb
1595 3548 1647 3588 nort
1665 3524 1763 3625 posent
1776 3566 1787 3596 ,
1808 3526 1866 3588 &e
1886 3526 1923 3585 Et

543 3622 660 3674 unua,
685 3624 771 3683 quant
796 3602 870 3681 quali
894 3610 1042 3683 wgnatim
1070 3605 1215 3669 continua·
1249 3624 1310 3681 qua
1327 3604 1432 3665 Noster
1449 3605 1517 3667 dicit
1531 3605 1563 3667 in
1584 3610 1719 3670 leodem.
1730 3610 1754 3667 1.
1771 3628 1800 3677 7.
1822 3612 1929 3667 Nm

542 3692 622 3757 tam]
646 3684 770 3745 Davilius
788 3684 858 3765 legit
880 3692 1029 3763 agnatione
1060 3684 1217 3747 connutriti.
1252 3687 1378 3745 colraertrtr
1401 3683 1437 3747 d
1470 3692 1619 3748 continuata
1648 3710 1707 3749 cum
1732 3690 1854 3747 omnibus
1872 3688 1930 3766 stur

543 3770 622 3826 Bene
641 3789 651 3831 t
671 3784 702 3826 ut
725 3766 756 3825 in
786 3764 962 3845 supuentibur
997 3766 1044 3827 bie
1067 3767 1218 3846 apparebit
1251 3768 1378 3848 panibus.
1397 3768 1526 3845 Irquue
1540 3789 1574 3830 ea
1589 3790 1649 3846 quae
1661 3766 1763 3830 cecinit
1780 3768 1928 3848 Virgilius,

542 3850 651 3911 sedne
675 3846 711 3907 sse
737 3845 852 3925 quidem
879 3849 983 3911 mendi
1007 3849 1089 3911 omni
1115 3848 1219 3910 carebit
1252 3849 1359 3928 Geotg.
1375 3850 1414 3907 II.
1429 3855 1498 3931 483.
1520 3855 1584 3918 Sin,
1604 3854 1652 3911 lras
1674 3873 1706 3910 rte
1718 3848 1809 3933 prffirn
1828 3869 1931 3909 me

541 3928 633 3993 locus.
654 3930 721 3989 Puta
737 3929 909 3990 Ciceronem
928 3928 1070 4009 scripfilio,
1088 3934 1220 3991 &atinde
1252 3930 1368 3989 undere
1380 3945 1487 4011 parter,
1504 3934 1622 4011 Frigidus
1639 3932 1755 4011 dstimit
1774 3930 1833 3991 &o
1855 3931 1930 3993 Vul-

542 4004 724 4071 eottvenientid
763 4010 929 4091 consertique
957 4017 1075 4093 partium
1099 4030 1219 4081 numa,
1251 4027 1347 4089 garam
1364 4008 1434 4071 item
1447 4031 1551 4072 vocem
1569 4013 1643 4095 qimi
1657 4016 1717 4089 jure
1730 4011 1797 4071 hine
1810 4013 1931 4073 exulare

541 4114 610 4175 quas
622 4095 770 4171 efflatione
788 4085 937 4154 continuasti
957 4092 1097 4176 conspirare
1110 4092 1219 4153 diceban
1249 4088 1446 4171 cognobimus
1461 4112 1496 4152 ox
1512 4092 1546 4153 iis
1565 4114 1625 4171 quae
1641 4096 1744 4164 Cotta,
1760 4090 1846 4153 limili
1864 4114 1927 4155 mo

542 4174 709 4253 invulgata
731 4171 869 4243 lathone,
895 4170 917 4231 fi
940 4170 996 4233 illa
1020 4192 1106 4235 vocer
1123 4194 1219 4233 conve-
1250 4174 1290 4233 do
1311 4171 1412 4235 omillo
1432 4174 1531 4253 quast,
1557 4176 1664 4237 dixerat
1688 4175 1719 4234 in
1737 4177 1844 4237 eodem
1866 4194 1929 4254 up.

543 4262 663 4329 orientia,
681 4254 826 4331 conputus,
847 4254 878 4314 dt
898 4254 1039 4336 conspirare
1057 4257 1095 4316 de
1113 4258 1218 4324 natum,
1250 4258 1336 4315 Tanta
1359 4274 1448 4313 rerum
1472 4256 1643 4335 consentietis,
1667 4256 1832 4339 conspirans,
1848 4262 1933 4317 corni-

540 4356 574 4398 re
589 4342 646 4399 uoi
654 4376 664 4407 ‚
682 4336 737 4397 dici
753 4333 848 4412 poffint
862 4354 921 4395 non
932 4333 1125 4417 ineleganter,
1144 4336 1219 4395 atil·
1251 4353 1332 4395 ma
1353 4341 1490 4413 rognuio,
1520 4358 1599 4418 quem
1626 4360 1679 4398 nort
1707 4358 1778 4417 coget
1802 4337 1864 4397 &e
1884 4338 1932 4397 Ex

541 4418 570 4479 lt
588 4419 709 4480 lediione
732 4420 868 4494 recepti,
892 4436 951 4487 ea,
979 4438 1039 4495 quae
1067 4416 1220 4495 sequuntur
1248 4436 1307 4494 quo
1327 4414 1456 4477 discimus
1474 4416 1614 4479 hlcscribi
1633 4418 1754 4480 debuille
1775 4423 1932 4499 cogam

540 4502 597 4641 bul
610 4500 639 4559 in
656 4497 785 4577 proxima
803 4514 872 4559 nota
888 4500 1053 4575 probaturus
1065 4495 1148 4579 sum)
1159 4519 1218 4561 oon
1247 4501 1415 4569 metitum,
1433 4499 1466 4559 8<
1480 4516 1578 4561 verant
1590 4499 1745 4562 leelionem
1760 4518 1830 4581 qur
1851 4500 1932 4562 mle

569 4580 602 4640 tis
617 4578 732 4640 defendi
754 4578 857 4657 pollint.
887 4581 928 4639 Ut
940 4580 1008 4639 verb
1029 4580 1217 4660 promptiores
1244 4579 1277 4639 in
1296 4579 1372 4660 qrufi
1388 4598 1526 4642 mutatam
1542 4580 1629 4641 frtilie.
1653 4584 1813 4643 Prnrcrus.

539 4663 625 4723 rmus
640 4662 676 4723 ad
695 4662 888 4737 reponendam
905 4680 1008 4723 vocem
1024 4666 1154 4745 partum,
1172 4682 1218 4721 re·
1289 4680 1335 4729 19·
1356 4660 1416 4739 Nfi
1435 4682 1467 4721 ee
1483 4683 1537 4722 m
1558 4666 1652 4723 divim
1662 4663 1758 4745 pain
1781 4667 1926 4725 mm*

539 4762 673 4823 putemur
691 4760 724 4801 ea
738 4740 967 4818 mediatione
986 4742 1018 4803 in
1040 4744 1124 4815 1127.
1153 4750 1216 4803 Haec
1243 4742 1314 4817 ter]
1337 4743 1383 4801 Ex
1413 4742 1553 4821 superiore
1580 4763 1647 4805 nota
1671 4742 1807 4807 discimus
1830 4744 1930 4827 legem

535 4822 1217 4909 infierimmrribusintetfitcoulemtiiusmrr·
1243 4823 1316 4889 don
1337 4824 1476 4906 trienii
1495 4823 1611 4906 ee(sc.
1630 4822 1932 4924 putaminis·
