4259 5592
340 400 373 415 ”
441 383 1307 477 “LIBERSECUNDUS.
1499 401 1574 479 611
1678 510 1688 527 ..

196 570 507 679 multitudinem,
526 574 828 691 suavitatemque
845 571 1197 689 piscium'dioami
1219 570 1332 690 Qtid
1348 575 1515 660 avium?
1536 600 1586 661 ex

198 686 343 807 quibus
367 711 472 777 tauta
498 693 711 804 percipitur
744 691 953 805 voluptas,
974 714 1021 779 nt
1046 689 1244 777 interdum
1264 694 1442 805 Pronoea
1459 694 1585 775 nostra

197 810 386 919 Epicurea
404 804 516 889 fm'ffe
530 805 718 893 videatur.
746 813 883 922 Atque
904 810 961 893 hae
982 806 1032 893 rie
1051 828 1280 919 caperentur
1300 804 1489 918 quidem,
1516 805 1584 889 nist

195 920 406 1009 hominum
422 924 594 1024 ratione,
626 930 745 1035 atque
761 919 918 1007 solertia
947 931 1191 1048 Qranquam
1209 946 1300 1006 aves
1321 918 1528 1030 quasdam,
1547 922 1585 1005 δι

195 1034 324 1139 alites,
347 1035 387 1119 &
409 1034 583 1139 oscines,
601 1055 647 1121 ut
669 1036 789 1121 nostri
813 1062 981 1151 augures
1000 1036 1216 1150 appellant,
1238 1062 1369 1119 return
1389 1064 1585 1150 auguran-

196 1148 339 1235 daruni
358 1146 476 1237 causi
493 1150 570 1235 elle
601 1170 708 1235 natas
734 1173 928 1262 putamus

253 1269 333 1383 lam
357 1268 453 1351 verb
474 1263 716 1352 antitanes&
734 1265 832 1351 feras
855 1265 1000 1352 belluas
1027 1264 1283 1353 traneiseimur
1307 1263 1515 1369 venando,
1542 1288 1587 1349 ut

196 1379 237 1466 δι
260 1376 457 1465 vescamur
477 1383 550 1484 iis,
571 1382 611 1467 δι
631 1408 879 1479 exerceamur
892 1384 933 1466 in
949 1380 1195 1469 venandoad
1207 1380 1490 1468 srmilitudinern
1503 1379 1601 1463 bel-2

194 1492 275 1577 lica
297 1492 505 1606 disciplinae
518 1496 583 1598 ,br
599 1519 753 1582 utamur
769 1494 931 1582 domitis
946 1499 988 1583 8(
1007 1494 1326 1601 condocefatris,
1345 1519 1389 1589 ιιι
1403 1494 1586 1605 elephan-

196 1612 264 1695 tis:
285 1607 488 1720 multaque
510 1634 559 1693 ex
577 1636 713 1695 earum
737 1609 972 1724 corporibus
994 1603 1188 1714 remedia,
1208 1608 1357 1696 morbis
1380 1612 1419 1711 δι
1447 1606 1589 1693 vulne-
1666 1696 1672 1711 ,

194 1717 298 1807 ribus
325 1721 533 1835 eligamur,
554 1722 719 1830 sicut-ex
745 1726 977 1838 quibusdam
990 1722 1222 1840 stirpibus&
1242 1724 1394 1829 herbis,
1420 1752 1586 1837 quarum
1685 1775 1689 1798 a

194 1833 371 1922 utilitates
394 1835 605 1950 longinqui
640 1840 830 1956 temporis
863 1842 933 1927 ulit
956 1843 997 1927 8(
1028 1838 1309 1953 periclitatione
1336 1838 1603 1953 percipimus.¹

191 1952 338 2037 Totam
361 1949 448 2037 licet
472 1952 609 2037 animis
633 1979 820 2070 tanquam
844 1954 969 2040 oeulis
998 1952 1151 2039 lustrare
1180 1974 1347 2058 terram,
1382 1957 1585 2063 mariaque

195 2067 364 2150 omnia?
390 2070 538 2150 Cernes
558 2067 644 2177 jam·
658 2069 773 2183 spatia
789 2068 970 2183 frugifera
986 2091 1104 2182 atque
1124 2066 1308 2152 immensa
1326 2096 1557 2182 camporum
1574 2098 1602 2170 ,·

192 2177 426 2291 vestitusque
447 2178 682 2267 densrffunus
712 2181 908 2291 montium
925 2246 940 2289 ,
958 2182 1160 2298 pecudum
1185 2182 1340 2295 pallus,
1359 2205 1444 2267 turn
1461 2178 1602 2267 incre-¹
1675 2223 1678 2227 ·

194 2290 305 2381 dIbili
334 2295 463 2379 cursus
484 2300 698 2383 maritimos
722 2299 919 2383 celeritate.
962 2304 1049 2385 Nec
1072 2301 1167 2383 veri>
1185 2292 1336 2381 rantum
1372 2293 1486 2410 supra
1512 2320 1589 2383 ter-

194 2437 304 2511 ram,
329 2405 393 2493 sed
423 2410 538 2495 etiam
563 2416 606 2497 in
625 2415 769 2496 intimis
788 2412 869 2523 ejus
892 2407 1060 2498 tenebris
1084 2410 1336 2525 plurimarum
1361 2436 1488 2497 rerum
1501 2411 1599 2498 latet·

193 2522 362 2625 utilitas,
389 2552 476 2636 qua
495 2521 547 2609 ad
571 2526 683 2613 usum
703 2528 914 2614 hominum
943 2549 1052 2632 orta,
1076 2522 1126 2611 ab
1154 2521 1381 2612 hominibus
1407 2525 1492 2613 solis
1527 2524 1600 2613 in·’

197 2660 366 2725 venitur.
1596 2666 1601 2679 ·

254 2748 351 2837 lllud
374 2756 494 2856 verb,
520 2752 636 2867 quod
657 2777 822 2868 uterque
842 2755 1011 2841 vestrtlm
1031 2753 1186 2841 fortall'e
1209 2758 1362 2869 arripiet
1384 2752 1434 2838 ad
1460 2780 1600 2867 repre-¹

195 2864 480 2953 hendendurn:
506 2872 656 2969 Cotta,
682 2874 774 2982 quia
801 2867 1022 2954 Cameades
1044 2868 1201 2954 libenter
1232 2873 1273 2953 in
1298 2872 1451 2955 Stoicos
1480 2872 1602 2953 ἰιινε-ν

195 2982 392 3072 bebatur:
417 2979 603 3085 Velleius,
625 2988 717 3095 quia
734 2982 827 3067 nihil
853 3004 934 3067 tam
955 2980 1087 3070 irridet
1105 2982 1319 3096 Epicurus,
1347 2988 1468 3095 quarn
1490 3012 1590 3096 pra-

196 3094 417 3182 dietionern
451 3124 580 3181 rerum
600 3096 843 3182 liturarum:
873 3094 971 3182 mihi
996 3095 1150 3182 videtur
1170 3096 1230 3184 vel
1255 3097 1434 3182 manime¹
1447 3094 1597 3182 confir·
1632 3161 1635 3169 ·

198 3238 329 3313 mare,
347 3208 516 3295 deotmar
533 3208 780 3323 providentii
798 3209 945 3297 consuli
959 3208 1075 3296 rebus
1087 3212 1276 3317 humanis.
1306 3215 1366 3294 Est
1379 3215 1482 3295 enim
1492 3236 1603 3322 pro-'

196 3325 313 3423 sebio
328 3322 545 3429 divinatio,
567 3353 654 3438 qua
681 3324 946 3431 multisloeis,
972 3325 1114 3430 rebus,
1137 3321 1383 3438 temporibus
1403 3348 1600 3439 apparet,

196 3464 290 3525 tum
302 3438 343 3521 in
363 3439 545 3550 privatis,
565 3464 650 3523 tum
670 3440 839 3530 maxime
864 3439 906 3525 in
927 3438 1104 3554 publicis.
1148 3440 1269 3528 Multa
1288 3462 1453 3527 cernunt
1472 3442 1600 3527 haru-'
1652 3532 1659 3545 ,

196 3554 347 3666 spires:
372 3552 492 3638 multa
511 3581 677 3665 augures
708 3555 943 3669 providente
972 3553 1093 3639 multa
1126 3553 1305 3642 oraculis-
1322 3553 1590 3662 declarantur,

199 3664 705 3773 multavaricinationibus,
724 3669 843 3758 multa
862 3668 1040 3773 somniis,
1065 3668 1186 3755 multa
1210 3674 1419 3783 portentisr
1450 3664 1593 3781 quibus

202 3782 404 3897 cognitis,
430 3782 557 3867 multu
572 3780 714 3899 7‘sape
734 3812 791 3868 res
817 3787 1026 3870 bominum
1053 3783 1259 3887 sententiis,
1291 3806 1410 3896 atque
1436 3781 1596 3869 utilitate

1641 2827 1660 2904 5

866 3900 1075 3983 Hhhh
1136 3930 1181 3983 a.
1448 3927 1602 4009 pars

194 4109 261 4169 rint
281 4132 315 4172 ex.
329 4114 411 4169 muni
436 4109 566 4187 sententia
584 4135 593 4167 .·
612 4128 707 4169 tamen
728 4108 796 4186 stpe
817 4129 885 4187 quo
918 4107 1107 4170 musicum
1122 4106 1211 4169 aeteri
1238 4108 1338 4169 omlles
1356 4107 1453 4188 legant
1470 4110 1576 4168 utilitate
1586 4144 1603 4179 ,ι

197 4211 261 4268 que
280 4188 433 4252 omiserunt
444 4188 517 4249 illud
530 4194 628 4260 animi,
648 4210 728 4267 atque
755 4192 831 4251 hunc
855 4190 885 4249 in
922 4192 954 4250 ὃ(
974 4190 1117 4270 eleganter
1135 4190 1254 4251 omnino
1267 4190 1352 4249 mnlrae
1369 4208 1410 4247 rer
1421 4210 1451 4247 ex
1462 4191 1595 4247 horninum

196 4273 331 4334 modum
345 4270 435 4333 locuti
449 4270 511 4329 fient
531 4290 540 4329 r
562 4278 603 4329 Ex
618 4274 748 4350 scatentia
764 4293 821 4333 rerer
837 4272 886 4332 al·
921 4273 1030 4334 manue
1101 4295 1122 4330 ae
1143 4270 1296 4332 dicantur:
1319 4290 1377 4330 non
1400 4268 1494 4328 minits
1508 4271 1602 4347 qu'arn'

195 4374 391 4441 quam-gerere
410 4380 418 4409 .·
438 4352 604 4429 arsennaria
620 4358 765 4435 navigare,
782 4355 885 4438 opsona-
921 4352 1026 4415 illuda
1064 4351 1193 4413 AttioV.
1207 4358 1233 4411 8.
1255 4358 1353 4411 &arms
1372 4371 1404 4410 ex
1418 4351 1500 4429 ηψπ
1514 4354 1601 4432 digni·

196 4455 253 4504 re,
277 4436 334 4495 &e
354 4434 434 4514 Saepe
455 4434 533 4494 aliud
553 4432 721 4512 adjellivunr
732 4475 744 4509 ,
763 4456 811 4497 aut
824 4432 885 4495 sub-
923 4454 974 4496 tate
985 4436 1041 4494 &e
1060 4438 1155 4509 Quare
1171 4454 1203 4495 ut
1221 4430 1364 4515 castigatio
1382 4432 1474 4495 nostra
1497 4431 1527 4493 sn
1550 4452 1598 4494 ve·

200 4516 362 4577 stantivrrm
382 4516 576 4592 adjunxerunt
612 4516 653 4575 Ira
667 4514 788 4588 Cicero,
805 4518 885 4577 Fam.
922 4515 1088 4590 racundiae,
1105 4536 1158 4575 nee
1184 4534 1279 4575 tamen
1304 4512 1421 4577 inferior
1447 4512 1525 4575 sensu
1537 4556 1546 4587 ‚
1565 4515 1596 4573 &

196 4599 248 4661 II.
269 4616 298 4659 6.
320 4583 448 4666 semia,
467 4595 505 4659 rb
521 4618 553 4661 ex
581 4596 780 4676 neustriensis
798 4604 887 4681 remp.
922 4595 1177 4681 aegerrimam
1188 4594 1410 4676 prapofirionem
1433 4595 1623 4661 candore.

192 4678 345 4759 geffmurr..
367 4677 477 4755 Quidni
490 4678 591 4757 pariter
605 4678 663 4741 hae
685 4678 751 4741 loeo
768 4677 887 4751 dixerit,
922 4702 959 4743 eo
980 4679 1160 4742 restimeado.
1172 4679 1263 4758 placet
1286 4680 1405 4749 addere,
1420 4678 1453 4738 &
1468 4675 1506 4739 ira
1523 4678 1602 4757 lege-

198 4762 305 4821 Multae
313 4760 380 4855 sept
400 4782 482 4823 rerer
498 4760 764 4841 hominnmflrrtentla
776 4760 889 4843 patra?
923 4784 972 4835 re,
992 4762 1085 4822 Multa
1100 4758 1166 4843 sape
1186 4782 1228 4821 rer
1252 4782 1284 4820 ex
1307 4762 1441 4820 horinum
1456 4757 1602 4838 senseratis,

202 4843 290 4904 leem
304 4845 375 4923 pud
389 4842 431 4907 est
446 4842 523 4922 quad
546 4842 623 4923 legar
642 4842 800 4909 Lambinus
819 4843 890 4906 urili-
925 4843 963 4923 ⁶7
982 4844 1090 4907 urtam
1101 4858 1197 4924 parre.
1218 4844 1470 4903 Lrsmuorsnrvs.
