4259 5592
606 409 1110 566 tuentius
1509 455 1557 538 η

171 624 232 685 res
254 591 464 703 cantibus,
490 597 579 713 quis
599 603 677 708 est',
697 603 793 716 quin
811 624 966 705 cernat,
991 624 1137 714 quanta
1159 599 1217 688 vis
1243 597 1287 691 sit
1302 603 1346 694 in
1366 597 1559 695 lbttsibus?

168 717 307 830 Qam
329 710 449 797 multa
477 712 613 798 vident
635 716 803 827 pictores
829 716 876 800 in
896 715 1044 802 umbris
1074 718 1113 802 lit
1148 720 1190 800 in
1216 723 1443 825 eminentia,
1469 749 1555 834 qua

168 854 244 913 nos
272 855 357 911 non
383 825 587 919 videmus?
615 834 746 956 Qum
769 831 913 935 multa,
935 857 1022 945 qua
1054 859 1131 914 nos
1155 830 1312 944 fugiunt
1334 839 1373 918 in
1408 859 1557 938 cantu,

169 937 385 1025 exaudiunt
417 944 459 1025 in
482 939 561 1028 hoc
591 969 731 1055 genere
753 948 976 1035 exercitati?
999 943 1070 1057 qui
1085 948 1215 1057 ptimo
1235 947 1374 1033 inflatu
1391 946 1556 1058 tibicinis

171 1054 385 1166 Antiopam
403 1057 479 1140 else
507 1060 643 1160 aiunt,
668 1076 736 1142 aut
753 1058 1099 1161 Andromacham,
1131 1061 1227 1142 clim
1249 1059 1293 1144 id
1316 1089 1390 1146 nos
1421 1088 1471 1144 nc
1495 1061 1558 1144 lit-

172 1167 359 1280 spicemur
374 1167 546 1280 quidem.
574 1171 681 1258 Nihil
705 1173 853 1258 necesse
875 1173 929 1256 est
941 1171 991 1255 de
1011 1172 1164 1285 gustatu
1185 1173 1224 1258 8(
1245 1171 1416 1260 odoratu
1428 1173 1561 1288 loqut,

123 1319 127 1326 ’
174 1280 386 1394 inquibus
416 1283 687 1397 intelligentia,
711 1287 777 1371 etsi
800 1286 962 1391 vitiosa,
992 1287 1046 1369 est
1072 1284 1252 1401 quadam
1266 1311 1415 1386 ¹tattien.
1594 1302 1599 1314 '

231 1394 343 1518 Qiid
368 1393 419 1480 de
445 1399 579 1502 taclu,
601 1399 640 1484 &
661 1427 712 1486 eo
730 1399 918 1514 quidem,
939 1427 1059 1515 quem
1083 1400 1306 1517 philosophi
1336 1403 1560 1488 interiorem

176 1532 318 1595 vocant
330 1572 344 1613 ,
373 1535 440 1597 aut
463 1510 640 1617 doloris,
662 1535 729 1599 aut
748 1513 983 1628 voluptatis,
1004 1519 1045 1600 in
1073 1519 1158 1628 quo
1180 1515 1217 1562 ²⁷
1240 1514 1449 1631 Cyrenaici
1475 1513 1560 1599 solo

176 1645 311 1736 putant
332 1629 413 1710 veri
435 1627 510 1710 else
530 1626 743 1737 judicium,
767 1633 863 1744 quia
889 1629 1076 1714 sentiatur.
1117 1629 1296 1714 Potestne
1314 1629 1431 1744 igitur
1455 1627 1560 1742 quis·

176 1767 296 1852 quam
314 1735 469 1844 dicere,
490 1741 589 1825 inter
613 1768 704 1826 euin
724 1748 794 1855 qui
814 1742 970 1845 doleat,
992 1743 1148 1829 &inter
1175 1769 1269 1828 eum
1290 1748 1361 1859 qui
1383 1747 1423 1826 iti
1441 1739 1559 1849 volu-

176 1874 278 2050 ptate
301 1853 345 1934 sit
357 1918 371 1958 ,
385 1853 477 1940 nihil
495 1857 693 1947 interesse?
713 1876 808 1962 aut,
829 1857 883 1943 ita
904 1863 975 1972 qui
988 1857 1143 1961 l'entiu,
1159 1885 1242 1943 non
1262 1854 1559 1970 apertilsuniin·

190 1966 312 2056 aniat?

231 2085 355 2194 Atqui
377 2083 504 2196 qualia
522 2087 607 2170 sunt
634 2089 742 2191 hac,
772 2114 860 2201 quae
891 2086 1055 2172 sensibus
1087 2085 1236 2200 percipi
1259 2084 1450 2182 dicimus3
1472 2081 1560 2168 talia

178 2193 389 2309 sequuntur
413 2226 489 2302 ea,
524 2228 613 2314 quae
643 2229 727 2286 non
759 2201 922 2286 sensibus
956 2202 1044 2312 ipsis
1144 2204 1223 2313 cipi
1250 2199 1461 2300 dicitntur,
1493 2195 1560 2280 sed

179 2305 356 2422 quodam
377 2310 504 2399 inodo
524 2311 717 2416 sensibus;
740 2338 785 2401 ut
808 2317 912 2403 hoc:
931 2314 1025 2400 lllud
1126 2313 1285 2419 albun,
1314 2313 1394 2399 hoc
1416 2309 1558 2412 dulce,

178 2450 368 2512 canorum
393 2425 512 2533 illud,
536 2432 615 2514 hoc
640 2428 896 2534 beneolens,
919 2427 1200 2539 hocasperutn
1228 2432 1372 2514 Animo
1391 2426 1463 2530 iam
1477 2426 1561 2509 hac

177 2563 352 2622 tenemus
377 2541 679 2655 comprehensa,
709 2573 793 2630 non
815 2539 989 2632 sensibus.
1017 2540 1078 2629 llle
1094 2540 1128 2581 ²¹
1144 2541 1328 2654 deinceps
1345 2566 1471 2654 equus
1483 2537 1537 2622 e'st
1544 2600 1560 2641 ,

177 2651 238 2736 ille
261 2655 377 2738 canis.
418 2659 570 2742 Catera
593 2658 700 2743 series
725 2658 868 2744 deinde
898 2657 1095 2774 sequitur,
1122 2657 1265 2769 majora
1301 2657 1484 2752 nectem
1514 2674 1560 2749 ut

177 2766 285 2870 hac,
305 2795 393 2894 quae
416 2772 524 2882 quasi
546 2772 736 2885 expletam
756 2801 883 2859 rerum
902 2771 1291 2887 conprehensionem
1319 2767 1562 2881 amplectun-

176 2902 266 2965 tur:
292 2886 332 2965 Si
352 2885 476 2969 honio
498 2887 576 2992 est,
601 2888 738 2974 animal
752 2889 833 2994 en,
855 2885 1035 2990 mortale,
1055 2884 1212 2972 tationis
1230 2887 1431 2996 particeps.
1460 2886 1563 3010 Qo.

178 2997 200 3081 ὲ
228 3017 371 3109 genere
391 2996 505 3085 nobis
518 3001 662 3089 notitia
686 3031 815 3090 rerum
838 3006 1136 3118 imprimuntur:
1155 2999 1233 3084 sine
1249 2993 1393 3114 quibus
1413 3021 1485 3080 nec
1499 2999 1562 3092 irt-

294 3109 399 3198 Tom.
430 3113 487 3201 ΙΙ.
981 3122 1020 3204 C
1444 3108 1563 3221 religi

176 3279 179 3286 ,
205 3245 1546 3282 ’W

175 3293 321 3376 significet·
341 3298 453 3358 FABBR·
890 3299 953 3369 bis,
969 3317 1059 3380 genus
1069 3296 1162 3375 ipsum
1172 3297 1246 3375 posse
1257 3315 1308 3356 nos
1318 3291 1509 3373 cognoscere:
1527 3309 1563 3350 ae

182 3373 186 3380 '
221 3383 271 3436 28.
293 3378 340 3436 nte
349 3379 464 3463 deincep
479 3401 560 3461 equiti
575 3379 627 3460 eil,
640 3382 681 3441 ille
692 3386 781 3452 canu]
794 3381 856 3443 Lu·
882 3376 947 3440 ¹riso
965 3377 1060 3458 aliquo
1077 3380 1143 3439 albo
1159 3376 1290 3456 singulari
1308 3375 1425 3444 dicere,
1445 3373 1501 3432 hoc
1520 3369 1565 3433 cll

175 3457 271 3518 tullus
296 3456 314 3518 1
340 3459 448 3523 ratione
474 3461 637 3524 Stoicorum
656 3461 782 3540 primum
802 3482 856 3540 po
890 3459 997 3521 albuin
1035 3458 1091 3518 Hic
1113 3477 1229 3520 vocatu
1248 3461 1265 3516 ‘a
1281 3454 1428 3546 Plutarcho
1455 3453 1562 3533 primus

175 3537 231 3598 suit
255 3559 379 3618 unqua
396 3539 496 3622 singuli
512 3541 685 3622 sensuspei'
709 3543 781 3614 'nt‚
795 3563 855 3620 quc
891 3543 992 3601 modus
1011 3539 1088 3600 illius
1103 3537 1292 3616 impteffionis.
1324 3539 1397 3596 Huic
1415 3535 1502 3619 igitur
1521 3531 1562 3591 se·

173 3621 807 3766 illihtllhsshs‘lhlllfi...lif
817 3623 856 3765 l}
889 3621 1079 3784 1111ῐὲ
1088 3618 1327 3781 ‘dissitis
1334 3618 1570 3762 'iiiimni‘lli‘l

515 3745 526 3774 ³
633 3743 643 3772 1
792 3745 801 3770 Ι
1232 3741 1242 3770 >

67 3815 70 3820 -
173 3779 216 3841 ’ita
250 3783 392 3861 deinceps.
420 3787 580 3862 Sequuntur
601 3803 661 3862 qua
687 3787 743 3878 jam
760 3803 855 3847 tenue
890 3805 949 3862 quae
961 3783 1012 3844 lint
1026 3781 1139 3861 propria
1159 3781 1289 3843 senilium
1305 3777 1500 3876 singulorum,
1516 3773 1563 3836 sed

176 3883 231 3922 nos
250 3865 348 3925 animo
367 3865 444 3928 dicit.
472 3860 608 3925 Φντισίι
627 3863 728 3938 effert,
746 3887 806 3943 quae
825 3885 855 3925 e·
891 3867 927 3926 de
946 3863 981 3922 iis
999 3885 1058 3941 quae
1075 3881 1177 3924 vocant
1193 3861 1282 3922 Graeci
1305 3856 1379 3932 viril
1392 3859 1469 3920 ator
1482 3879 1564 3925 uvi

176 3941 253 4002 fiam
273 3934 386 4010 aloia,
405 3967 519 4010 vocatur
534 3951 551 4006 ”a
570 3945 687 4018 Stoicis,
709 3947 853 4008 utPlutar·
889 3965 949 4024 quae
964 3943 1155 4006 communiter
1172 3942 1370 4034 percipiuntur.
1397 3939 1483 4004 Velut
1493 3935 1564 3997 cun

177 4022 256 4084 chus
273 4047 383 4106 quoque
405 4049 457 4089 noi
476 4046 575 4090 monet
584 4029 614 4087 in
632 4027 682 4088 lib.
691 4047 734 4090 tv.
750 4028 785 4089 de
796 4028 855 4087 Pla·
890 4031 1054 4096 Socratem,
1065 4042 1113 4085 aut
1121 4025 1265 4084 Cleonem
1274 4038 1436 4084 venientem
1445 4060 1455 4091 ‚
1475 4015 1563 4117 uixeli

178 4103 247 4162 citis
265 4109 504 4188 philosophorum.
526 4103 665 4170 cunda
681 4109 854 4189 ergoillaab
892 4109 968 4186 apud
991 4104 1190 4175 Aristotelem,
1210 4103 1450 4193 cemimustnon
1468 4097 1563 4162 solunt

172 4183 216 4245 iis
233 4187 360 4250 delinitur
380 4194 457 4270 apud
478 4194 602 4251 eundem
620 4191 801 4253 Plutarchum
824 4189 855 4248 ὅ(
892 4193 928 4250 de
948 4188 1045 4249 colore
1060 4185 1163 4266 judicat
1174 4184 1245 4246 visus
1254 4224 1264 4254 ,
1284 4181 1332 4246 sed
1349 4201 1436 4266 enain
1454 4183 1491 4244 de
1506 4197 1564 4240 ma·

140 4283 142 4288 '
172 4265 276 4338 ³5⁰⁵,
298 4266 397 4336 esurii
414 4272 443 4332 i’o
458 4273 549 4352 duxit
571 4273 732 4336 Alexander
747 4271 858 4350 Aphro·
893 4268 1055 4351 gnitudine,
1079 4271 1157 4344 cujus
1173 4265 1311 4343 judicium
1326 4262 1365 4327 est
1380 4262 1565 4326 discommu-

170 4346 347 4412 diiienfisin
363 4356 412 4415 lib.
425 4359 447 4415 1.
462 4359 499 4416 de
513 4352 640 4423 Animo,
652 4353 702 4412 illa
720 4351 858 4430 impresso
894 4371 1008 4412 necum
1018 4351 1181 4418 taciu3ium
1195 4350 1231 4407 de
1248 4363 1347 4417 motu,
1364 4345 1402 4410 de
1421 4345 1510 4437 siaiu,
1526 4343 1564 4402 de

168 4427 205 4492 in
226 4432 336 4504 animo
351 4455 380 4492 ut
391 4437 453 4507 fiai,
477 4436 592 4512 exponit
619 4433 661 4494 his
674 4432 765 4494 verbis
784 4457 792 4490 e
813 4419 860 4490 isi·
895 4431 1006 4508 forma,
1023 4433 1059 4492 de
1071 4447 1209 4508 numero,
1222 4447 1281 4505 quae
1292 4424 1458 4517 communia
1468 4427 1565 4486 eidem

171 4519 279 4587 epum
297 4510 371 4588 μ’
386 4512 431 4583 ule
458 4512 582 4582 aldion
602 4513 698 4592 elusini
714 4513 860 4590 pauci-r
897 4531 964 4591 cuni
983 4509 1086 4572 eniens
1109 4507 1237 4574 sentibus.
1269 4504 1319 4574 llis
1342 4507 1427 4599 igitur
1446 4509 1565 4600 coujun-

167 4591 335 4672 λιβῦιι.
353 4600 385 4660 &
401 4621 463 4678 quae
485 4599 643 4678 sequuntur.
674 4598 733 4660 Ubi
751 4596 802 4656 ille
820 4595 862 4658 os-
897 4590 995 4687 gandii
1006 4591 1077 4653 fiunt
1093 4589 1312 4663 enuntiationes,
1332 4587 1463 4666 equibus
1480 4605 1567 4648 muo-

168 4680 287 4751 tendit,
302 4699 335 4742 ui
345 4681 393 4742 hlc
403 4681 507 4742 Cicero
518 4701 571 4752 ,eit
583 4679 707 4759 pluribus
718 4677 748 4738 in
765 4677 863 4737 animo
898 4671 1092 4736 niscoiiclufio
1113 4671 1292 4749 componitur
1311 4691 1321 4740 3
1340 4689 1372 4731 ui
1390 4670 1436 4728 hic
1455 4668 1567 4747 subjun·
1657 4687 1663 4701 ¹

163 4757 332 4845 imm,
349 4758 690 4842 &mannan
710 4758 864 4843 eatta-
890 4755 1146 4858 ,titianum
1165 4725 1568 4841 &mannum
