4259 5592
509 334 513 342 ’
624 327 1127 474 bocurtus
1200 382 1205 399 ’
1522 427 1574 510 Π

183 565 257 686 pilt
269 559 459 683 postam,
477 566 578 655 cirin.
595 563 790 684 scripsisset
811 568 943 654 iisdem
961 565 1012 652 de
1034 566 1149 660 rebus
1168 571 1218 659 ad
1238 572 1281 658 Ι..
1295 573 1570 685 Ccnlbrinum,
1622 615 1626 621 ⁴

183 707 302 789 eum,
323 686 393 795 qui
416 682 551 769 consul
574 713 664 769 cum
685 689 751 773 Μ’.
774 682 935 770 Manilio
962 681 1046 770 fuit.
1082 690 1234 802 Scripsit
1258 686 1374 801 igitur
1406 694 1465 777 his
1489 694 1569 782 seri

185 795 323 886 ve'rbis.
352 803 451 882 Sunt
472 800 576 882 enim
599 802 694 884 mihi
726 817 844 902 nota,
870 819 1076 910 propterea
1106 803 1219 914 qubd
1249 807 1569 917 earumipsarum

188 943 341 1020 rerum,
362 909 414 996 de
439 907 580 1024 quibus
598 917 776 1028 agimus,
805 911 930 1041 prima
949 911 1136 1000 institutio
1167 918 1207 1003 δι
1233 919 1340 1031 quasi
1375 919 1569 1034 disciplina

186 1029 251 1117 illo
273 1027 372 1114 libro
399 1030 644 1128 continetur3
664 1024 729 1111 sed
753 1029 935 1140 scriptum
962 1029 1015 1111 est
1041 1032 1094 1113 ita
1107 1060 1118 1116 t
1131 1079 1155 1115 »ι
1179 1027 1422 1136 Aoedernicis
1436 1035 1471 1078 ⁹⁸
1514 1037 1568 1123 la-

185 1196 210 1233 „
223 1171 334 1246 cere,
355 1143 430 1226 esse
455 1166 582 1225 rerum
601 1140 787 1253 eiusnodi
811 1140 1152 1250 dissimilitudines,
1184 1149 1329 1232 utalia
1351 1067 1570 1257 probabiles

185 1257 454 1357 „ridentum
478 1255 555 1342 alia
575 1260 730 1343 contri:
762 1255 804 1343 id
825 1285 956 1344 autem
980 1287 1062 1344 non
1077 1259 1153 1344 csse
1174 1259 1284 1366 satis,
1310 1261 1463 1348 curalia
1476 1292 1568 1375 per·

185 1373 301 1484 „cipi
325 1371 437 1485 polle
453 1368 559 1456 dicas
571 1407 599 1473 ‚·
617 1371 686 1456 alia
701 1399 784 1457 non
806 1374 940 1485 posse:
968 1395 1175 1488 pmpterea
1207 1374 1319 1490 qubd
1346 1375 1467 1462 multa
1484 1379 1571 1464 falb

185 1482 435 1602 „probabilia
455 1484 548 1573 sint:
572 1483 665 1571 nihil
685 1509 815 1571 autem
827 1487 905 1572 falfi
926 1491 1236 1602 perceptum,&
1256 1489 1460 1604 cognitum
1477 1494 1570 1605 pos-

186 1605 231 1688 srt
252 1603 337 1686 elle.
367 1605 499 1714 ltaque
521 1604 574 1686 ait
592 1602 841 1688 vehementer
861 1629 984 1688 errare
1006 1632 1102 1705 eos,
1127 1607 1195 1716 qui
1221 1603 1374 1708 dicant,
1395 1602 1444 1690 ab
1466 1614 1568 1693 Aca-

184 1717 314 1801 demia
333 1713 454 1798 sterisus
471 1718 593 1827 eripi,
618 1719 641 1800 ὲ
662 1711 805 1828 quibus
826 1746 1030 1831 nunquam
1051 1717 1200 1803 dilium
1212 1719 1279 1824 srt,
1294 1739 1362 1807 aut
1373 1718 1565 1826 colorem,

184 1855 251 1918 aut
276 1831 477 1944 saporem,
499 1851 566 1914 aut
584 1829 723 1916 sonum
746 1828 892 1916 nullum
911 1834 1010 1918 effe:
1026 1830 1120 1915 illud
1144 1834 1189 1917 sit
1209 1834 1443 1946 disputatum
1458 1864 1568 1938 ‚non

184 1947 308 2031 ineffe
321 1949 363 2030 in
382 1946 441 2029 his
462 1943 687 2056 propriam,
718 1973 804 2058 quae
831 1946 1018 2061 nusquam
1039 1944 1128 2032 alibi
1158 1949 1249 2033 esset
1259 2012 1273 2052 ,
1303 1947 1384 2033 veri
1409 1951 1448 2032 &
1473 1951 1568 2036 certi

184 2083 333 2147 notam

239 2181 343 2298 Qa
365 2164 455 2257 clim
475 2173 730 2285 exposuisset,
757 2173 952 2290 adjungit,
979 2173 1183 2288 dupliciter
1205 2174 1285 2259 dici
1308 2175 1471 2260 assensus
1505 2177 1570 2262 su-

183 2288 319 2372 stinere
347 2285 575 2400 lipiemem:
607 2316 690 2374 uno
712 2287 865 2392 modo,
896 2285 985 2375 clim
1015 2290 1095 2376 hoc
1117 2287 1371 2402 intelligatur,
1401 2292 1569 2380 omnino

182 2417 274 2487 eum
285 2406 346 2486 rei
368 2398 459 2487 nulli
480 2402 669 2487 assentiri:
690 2401 837 2507 altero,
871 2409 965 2488 cum
989 2402 1025 2487 se
1049 2407 1073 2488 b
1101 2401 1400 2516 respondendo,
1426 2426 1470 2489 ut
1496 2429 1565 2491 aut

179 2513 375 2629 approbet
394 2514 514 2628 quid,
538 2536 605 2600 aut
618 2514 812 2628 improbet
825 2579 839 2620 ,
854 2516 1052 2617 sustineam
1074 2538 1119 2603 ut
1136 2542 1266 2633 neque
1277 2540 1393 2631 neget
1404 2517 1566 2631 aliquid,
1602 2567 1608 2578 ι

180 2657 313 2745 neque
334 2631 419 2717 aiat
448 2628 492 2713 ld
514 2635 609 2714 crim
631 2635 682 2716 ita
704 2633 749 2716 sit
762 2664 772 2719 ε
785 2629 947 2720 alterum
971 2631 1142 2745 placere,
1162 2652 1207 2716 ut
1227 2659 1430 2741 nunquam
1443 2633 1568 2717 alsen-

178 2743 318 2846 tiatur3
337 2745 496 2831 alterum
523 2766 652 2830 tenere
664 2806 678 2849 ,
705 2769 751 2832 ut
777 2744 938 2861 sequens
963 2741 1300 2862 probabilitatem,
1327 2744 1569 2858 ubicumque

179 2860 265 2944 hac
285 2881 354 2946 aut
379 2881 581 2963 occurrat,
605 2880 672 2944 aut
691 2858 868 2964 deficiat,
893 2861 1124 2963 autetiam,
1148 2883 1215 2943 aut
1243 2889 1315 2942 non
1336 2859 1569 2972 respondere

177 2975 307 3089 possit.
345 2978 450 3060 Nam
469 2977 562 3058 cum
596 2971 742 3085 placeat
754 3038 768 3079 ,
789 3001 902 3079 eum,
926 2979 996 3090 qui
1017 2973 1069 3064 de
1089 2969 1271 3060 omnibus
1302 2970 1417 3059 rebus
1440 2974 1571 3060 conti-

174 3111 269 3174 neat
293 3088 331 3173 se
357 3082 405 3171 ab
427 3085 690 3194 assentiendo,
709 3093 858 3176 moveri
882 3112 1010 3178 tamen
1028 3089 1068 3174 &
1088 3116 1201 3205 agere
1224 3085 1393 3202 aliquid,
1414 3087 1568 3203 reliquit

174 3200 373 3316 ejusmodi
396 3201 495 3305 visa,
515 3199 660 3315 quibus
682 3202 732 3290 ad
757 3203 949 3294 adiuuem
963 3201 1307 3296 excitemurzitem
1322 3229 1389 3305 ea,
1406 3231 1493 3315 qua
1507 3201 1571 3286 in-

171 3320 365 3430 terrogati
391 3319 432 3402 in
455 3337 661 3430 utramque
682 3339 828 3430 partem
851 3314 1081 3431 respondere
1112 3318 1340 3429 possumus,
1367 3316 1568 3428 sequentes

169 3429 460 3518 tarrnunmodb
482 3429 595 3543 quod
619 3435 671 3520 ita
695 3427 816 3519 visum
842 3433 908 3535 fit,
936 3431 1036 3522 dum
1058 3431 1135 3522 sme
1163 3430 1331 3520 assensu:
1355 3457 1484 3543 neque
1510 3452 1571 3516 ta-

167 3573 273 3630 men
300 3548 435 3633 omnia
459 3543 645 3654 ejusmodi
659 3545 736 3637 visa
764 3543 996 3660 approbari,
1016 3544 1082 3630 sed
1105 3571 1150 3628 ea
1163 3607 1176 3649 ,
1191 3573 1278 3658 qua
1301 3542 1403 3634 nulla
1428 3571 1469 3628 re
1489 3548 1568 3628 im-

168 3657 420 3772 pedirentur.
448 3663 544 3747 Haec
566 3659 594 3742 si
621 3654 735 3746 vobis
760 3689 843 3746 non
868 3657 1107 3772 probamus,
1130 3658 1201 3742 sint
1229 3656 1314 3747 salsa
1337 3658 1447 3744 sesni:
1467 3663 1582 3743 invi.-

166 3773 292 3859 diosa
313 3775 416 3864 certe
443 3777 527 3858 non
553 3771 648 3859 sunt.
677 3779 774 3859 Non
800 3773 906 3865 enim
929 3773 1056 3860 lucem
1084 3775 1289 3884 eripimus:
1313 3771 1376 3857 sed
1399 3798 1466 3875 es,
1480 3800 1568 3884 qua

85 3925 90 3936 ·
169 3917 258 3973 vos
285 3886 433 4000 percipi
457 3887 842 4008 comprehendique,
864 3887 1001 3982 eadem
1020 3916 1118 3992 nos,
1148 3885 1180 3974 si
1203 3883 1331 3989 modo
1357 3882 1572 4007 probabilia

168 4003 282 4105 sint,
300 4000 425 4091 videri
443 4001 620 4094 dicimus.

305 4115 405 4201 Tom.
443 4117 502 4206 Il
1020 4121 1061 4206 H
1508 4116 1572 4202 Sic

2 4329 4 4395 t
160 4275 1577 4390 vfflffl

149 4403 279 4484 firm:
306 4399 406 4476 quibus
422 4400 508 4462 etiam
526 4405 580 4460 Per.
598 4400 678 4460 Faber
691 4397 804 4460 assensus
818 4395 865 4456 est.
911 4398 1036 4457 urrilimdo
1060 4413 1148 4456 mater
1177 4393 1218 4456 est
1233 4390 1397 4454 discriminis
1412 4393 1577 4474 3srma'lr'tudo

2 4469 6 4555 l.
155 4485 245 4553 Sed,
273 4479 611 4555 immoremini
627 4479 762 4544 coneilio
780 4476 867 4540 mini-
902 4479 968 4538 verb
987 4477 1075 4537 talem
1096 4475 1184 4554 pariat
1202 4469 1430 4556 ἐπασκεῖν,
1464 4492 1498 4539 ut
1520 4494 1579 4538 una

5 4562 7 4585 '
152 4565 210 4628 me
234 4562 346 4644 placet
364 4585 374 4634 3
392 4582 447 4624 nec
471 4560 683 4640 plaoetet‚licet
698 4579 799 4622 omnes
822 4579 869 4620 co
903 4576 947 4622 res
969 4559 1005 4618 ab
1022 4557 1108 4616 altera
1129 4554 1264 4638 distingui
1289 4578 1348 4618 non
1372 4554 1449 4640 poffit
1466 4578 1477 4627 3
1495 4554 1577 4618 aded-

153 4647 245 4714 dices
259 4643 296 4706 ei
316 4641 384 4710 suffi
456 4661 545 4706 eursu.
585 4641 665 4706 Nam
684 4639 706 4702 li
726 4638 870 4703 resumes·
906 4657 960 4717 que
976 4637 1034 4696 haec
1052 4636 1102 4701 illi
1117 4657 1170 4701 uec
1189 4638 1362 4722 probabilior
1387 4639 1501 4714 madar,
1526 4653 1581 4701 11oe

151 4729 222 4796 sent
240 4663 497 4814 mandamus,
515 4743 576 4790 uon
591 4739 649 4790 etat
664 4739 714 4790 cur
732 4722 792 4789 alie
805 4740 870 4806 pro
906 4717 1131 4806 improbabilior,
1151 4721 1258 4797 Dans
1558 4759 1561 4766 .
