4259 5592
503 392 797 492 LIBER
853 391 1291 503 TERTIUS.
1460 485 1462 491 .
1521 418 1608 522 619

206 586 409 699 futurum,
428 582 524 668 crim
543 580 588 675 id
610 583 715 677 cette
735 580 914 673 fututum
937 581 1006 675 fit?
1029 584 1145 671 Unde
1168 584 1290 699 potrb
1304 583 1373 674 ista
1394 584 1607 683 divinatio?

211 698 468 817 quisinvenit
488 694 617 785 fillum
641 698 805 812 jecoris?
834 697 925 813 quis
941 702 1115 787 cornicis
1139 724 1298 795 cantum
1320 706 1493 795 notavit?
1518 708 1607 817 quis

215 822 334 905 lortes
353 816 377 896 2
395 811 540 925 quibus
557 842 641 928 ego
662 812 803 901 credo:
827 840 900 899 nec
918 814 1076 927 polium
1093 819 1185 911 Attii
1207 817 1346 917 Navii,
1359 846 1479 931 quem
1491 846 1609 905 tom·
1682 888 1696 909 ,

210 926 483 1039 memorabat,
510 927 652 1015 lituum
671 953 955 1016 contemnere·
972 928 1049 1013 Sed
1074 934 1142 1043 qul
1164 929 1230 1013 illa
1244 932 1276 965 ¹¹
1296 932 1483 1017 intellebla
1499 934 1606 1041 lunt,
1633 925 1648 949 ⁴

207 1048 231 1130 it
257 1040 501 1159 philosophis
521 1040 650 1129 debeo
673 1042 842 1146 disoere,
869 1042 1071 1154 presertim
1094 1048 1189 1128 crim
1214 1043 1386 1156 plurimis
1412 1048 1463 1131 de
1489 1042 1605 1135 rebus

88 1240 103 1255 .,
208 1160 267 1264 isti
291 1155 423 1241 divini.
442 1154 688 1244 mentiantur.
727 1165 778 1243 At
803 1155 947 1242 medici
978 1184 1143 1269 quoque
1166 1158 1187 1267 (
1198 1162 1251 1243 ita
1283 1164 1388 1242 enim
1415 1161 1606 1271 dicebas)

79 1274 82 1278 ’
200 1272 302 1385 ‘laepe
334 1268 523 1357 falluntur.
539 1270 665 1395 ‘Qrid
688 1273 829 1376 simile,
853 1269 1072 1376 medicina,
1092 1272 1200 1385 cujus
1218 1301 1298 1387 ego
1319 1275 1513 1361 rationem
1544 1280 1605 1364 vi-

207 1384 316 1485 de03
344 1388 383 1471 δι
409 1384 627 1491 divinatio,
667 1416 754 1501 quae
775 1382 884 1472 unde
911 1391 1057 1472 oriatur
1085 1416 1168 1471 non
1192 1384 1363 1501 intelligo
1381 1393 1405 1473 ,ἲ
1433 1394 1498 1477 Tu
1530 1418 1604 1477 au-

213 1525 296 1616 tem
327 1501 444 1587 etiam
477 1505 694 1585 Deciorum
729 1500 1011 1590 devotionibus
1036 1498 1206 1612 placatos
1236 1501 1335 1588 deos
1359 1507 1434 1589 esse
1465 1506 1605 1593 censes.
1646 1594 1649 1601 ,

205 1623 311 1738 ,Quor
331 1616 405 1701 fuit
421 1637 679 1701 eorum'tanta
700 1614 911 1726 iniquitas,
931 1639 974 1700 ut
989 1613 1131 1726 placari
1151 1617 1306 1727 populo
1321 1622 1502 1709 Romano
1520 1628 1621 1709 non'

202 1730 389 1852 pollent,
412 1730 481 1813 nist
497 1730 568 1812 viti
590 1728 682 1815 tales
691 1728 943 1818 occidissent?
959 1728 1177 1813 Consilium
1197 1728 1290 1814 illud
1310 1730 1604 1845 imperatorium

207 1844 282 1947 fuit
296 1842 434 1956 ,quod
457 1845 582 1927 Graeci
602 1846 816 1948 mmmm
829 1842 1045 1956 appellant,
1068 1841 1131 1925 sed
1149 1866 1289 1930 eorum
1309 1843 1603 1961 imperatorum,

74 1959 82 1967 ’
208 1958 278 2072 qui
303 1962 436 2071 patriae'
456 1956 720 2062 consulerent,
742 1961 827 2041 vitae
846 1986 930 2043 non
952 1980 1166 2070 parcerent.
1190 1956 1386 2046 ⁴Rebnntur
1410 1968 1513 2047 enim
1537 1964 1603 2049 fo-

101 2087 105 2095 ’
198 2100 268 2175 re,
290 2096 335 2158 ut
357 2075 545 2155 exereitus
565 2075 872 2183 imperatorem,
902 2098 1011 2185 equo
1033 2074 1195 2157 incitato
1218 2073 1254 2156 se
1286 2073 1327 2158 in
1353 2078 1500 2163 nollem
1526 2080 1601 2161 im-

207 2188 449 2289 mittentem,
471 2185 785 2299 persequeretur:
804 2184 847 2269 id
867 2183 981 2297 quod
1004 2184 1142 2271 evenit.
1184 2190 1290 2275 Nam
1314 2194 1432 2277 Fauni
1458 2219 1600 2281 vocem

202 2301 393 2414 equidem
422 2326 628 2414 nunquam
646 2297 790 2385 audivi.
818 2296 938 2403 Tibi,
963 2298 991 2381 sr
1019 2320 1057 2383 te
1076 2300 1224 2388 audisse
1259 2300 1382 2407 dicis,
1412 2303 1598 2411 credatur

199 2417 295 2519 etsi,
316 2421 471 2502 Faunus
492 2419 663 2526 omnino·
685 2412 784 2529 quid
809 2413 880 2519 sit,
909 2412 1049 2498 nescio.

258 2536 358 2617 Non
384 2534 501 2642 igitur
523 2529 654 2617 adhuc
665 2592 680 2634 ,
704 2552 897 2644 quantum
918 2525 1084 2641 quidem
1105 2531 1146 2613 in
1171 2546 1237 2631 te,
1257 2526 1398 2636 Bolbe,
1417 2534 1508 2637 est,
1536 2537 1599 2619 itr-
1617 2562 1674 2583 -·

200 2645 335 2757 telligo
361 2644 461 2729 deos
488 2646 584 2730 esse:
609 2673 713 2758 quos
738 2642 924 2759 equidem
948 2643 1072 2729 credo
1102 2643 1178 2727 else
1191 2692 1210 2745 ‚fl
1228 2641 1293 2728 sed
1327 2646 1420 2731 nihil
1450 2646 1598 2733 docent
1633 2616 1657 2693 7

198 2764 334 2847 Stoici.
378 2766 483 2845 Nam
508 2759 735 2861 Cleanthes,
767 2780 811 2844 ut
840 2754 1024 2861 dicebas,
1050 2778 1221 2869 quatuor
1252 2759 1383 2845 modis
1414 2758 1598 2849 formatae

197 2877 244 2967 in
265 2878 402 2959 animis
420 2874 638 2957 'hominum
658 2895 769 2986 putat
792 2872 960 2957 deorum
976 2872 1064 2955 effe-
1077 2873 1273 2956 notiones.
1317 2874 1484 2969 {rumpis
1507 2906 1598 2962 mo·

200 2987 279 3074 dut
298 2988 380 3093 est,
406 2985 458 3072 de
480 3016 565 3102 quo
588 2988 670 3071 latis
691 2984 799 3090 diui,¹
821 2990 891 3097 qui
917 2984 972 3067 est
985 2983 1176 3095 susceptus
1199 3010 1248 3085 err
1268 2990 1515 3098 praesensrone
1536 3016 1599 3075 re-

198 3086 293 3189 ‘rum
305 3104 546 3188 rotumum.
576 3101 679 3187 Alter
703 3128 752 3184 ex
772 3097 1129 3214 perturbationibus
1156 3102 1453 3212 tempestatum,
1477 3105 1599 3190 &rm

198 3217 318 3331 liquis
337 3218 534 3303 motibus.·
553 3217 709 3300 Tertius
723 3242 781 3299 ex
802 3211 1086 3299 commoditate
1109 3238 1263 3333 terum,
1299 3244 1395 3329 quas
1428 3218 1598 3331 percipi.

196 3361 289 3477 mps
300 3396 315 3438 ,
333 3334 385 3439 ⁴&
411 3327 540 3444 topii.
569 3338 743 3451 Qartus
766 3354 816 3412 ex
840 3328 1029 3416 astrorum
1049 3325 1215 3435 ordine,
1238 3330 1394 3446 caellque
1414 3334 1598 3419 constan·

204 3472 270 3535 tm
534 3477 555 3499 ’·
771 3476 775 3485 ·
1158 3466 1162 3473 ’

926 3557 1150 3645 lii-ic
1287 3608 1291 3617 ·
1406 3644 1410 3653 ,
1524 3556 1595 3655 De

192 3806 280 3883 pasto
293 3804 470 3866 intelleduni
482 3803 527 3874 fit,
548 3823 629 3881 atque
649 3802 883 3883 cognitum,haec
921 3822 970 3861 ens
985 3800 1152 3879 explicatio,
1167 3800 1297 3863 standum
1307 3800 1352 3869 est,
1367 3789 1596 3883 auctoritatena'-

192 3886 305 3948 indicia
327 3887 379 3947 elie
398 3906 430 3946 ac
458 3884 669 3968 fignificationes
690 3904 788 3945 rerum
808 3883 883 3944 futu-
921 3880 1051 3960 nuscripti
1072 3881 1177 3958 codicis
1195 3882 1277 3963 Regii
1289 3923 1298 3954 ,
1322 3880 1476 3955 omittendo
1490 3902 1595 3957 ,vocem

191 3962 312 4038 rarum,
327 3966 345 4029 ri
356 3966 506 4053 philosophis
522 3968 598 4027 debeo
629 3966 741 4047 discere,
759 3986 883 4045 quorum
921 3966 1030 4023 divinis.
1060 3962 1095 4023 Ei
1116 3964 1264 4025 Wallterus
1283 3963 1415 4027 ultimam
1432 3964 1521 4026 demit
1535 3962 1596 4023 lite·

196 4051 243 4113 est
258 4070 331 4127 opus
349 4048 497 4127 proprium
518 4070 551 4109 ac
570 4066 692 4115 munus,
711 4067 884 4127 menteprae-
921 4065 1001 4116 ram,
1018 4044 1142 4125 legitque¹
1169 4048 1264 4125 divini.
1305 4045 1410 4107 Videre
1443 4047 1595 4115 debuerat,

195 4130 328 4213 judicatis
344 4129 528 4209 opinionibus
546 4128 652 4201 liberi,
671 4127 818 4191 veritatem
836 4148 886 4188 ex·
922 4128 1004 4204 hujus
1018 4124 1144 4189 nominis
1155 4127 1223 4205 ,vim
1240 4124 1378 4209 contineri
1397 4124 1430 4184 in
1451 4124 1598 4205 pronomi-

201 4212 338 4291 plotate,
356 4212 398 4273 &¹
410 4232 508 4273 terum
524 4209 633 4282 causas,
654 4212 778 4281 modos,
806 4208 888 4270 ratio·
924 4228 960 4268 ne
977 4208 1034 4287 isti,
1051 4210 1130 4287 quod
1156 4208 1250 4269 evolvi
1267 4208 1305 4269 lie
1333 4209 1446 4287 debet:
1467 4209 1509 4278 Ii,
1528 4226 1598 4286 quos

199 4314 256 4355 nes
274 4291 418 4371 explicare
436 4316 447 4364 3
467 4314 527 4354 non
553 4295 589 4353 ab
604 4292 655 4362 iis,
668 4313 738 4371 quos
758 4308 810 4363 tu,
823 4290 889 4351 Bal·
925 4308 955 4350 tu
971 4282 1068 4351 laudas
1078 4330 1087 4361 ,
1105 4284 1205 4367 'quibus
1222 4289 1328 4367 credis,
1349 4307 1420 4367 quot
1442 4290 1513 4349 mihi
1530 4288 1600 4367 obji-

197 4376 263 4447 be,
283 4377 425 4445 advocas,
443 4374 491 4436 rel
514 4372 700 4438 narratoribus
718 4368 890 4442 fabularum,
922 4370 970 4431 cis.
990 4374 1171 4435 momnis.
1191 4370 1407 4449 Divinis‚quod
1422 4368 1599 4433 lnbentvul-

195 4456 252 4520 vel
278 4456 441 4518 divinarum
481 4455 585 4517 artium
607 4454 796 4540 cultoribus:
823 4472 891 4538 μι-
924 4451 982 4533 gati
999 4470 1117 4522 omnes,
1140 4448 1208 4521 serti
1223 4473 1281 4530 nou
1299 4466 1416 4531 poterat.
1435 4456 1548 4515 Vocem
1559 4469 1599 4511 tn·

183 4538 289 4617 sertim
308 4537 366 4599 etim
382 4538 419 4617 fii
437 4538 559 4619 plurimis
577 4538 609 4596 de
626 4537 704 4597 rehtu
723 4539 891 4599 mmm.
925 4554 992 4597 meu
1004 4532 1285 4615 integramomirtere
1292 4534 1363 4613 clun
1372 4554 1433 4597 non
1445 4534 1599 4601 auderem,

200 4618 386 4699 uocipsum
406 4638 439 4680 nr
480 4636 609 4684 mmmm
626 4618 773 4687 meam,
790 4620 823 4680 de
843 4621 894 4675 Di·
926 4614 1054 4688 walkeri
1074 4616 1265 4695 conlednrtm
1280 4613 1403 4679 admili:
1422 4636 1481 4697 quc
1501 4614 1523 4677 fi
1540 4633 1600 4678 nott

202 4703 349 4765 vinanll.
371 4722 416 4777 ιι(
453 4699 712 4780 ihncaptnloco
735 4697 891 4770 estatin-
928 4696 1418 4780 prodestmmmoeeoumm
1584 4729 1588 4740 =

192 4780 579 4862 ‚queCiceronitinllinuo
606 4776 915 4867 acrabitmngrm
1006 4857 1011 4862 ἡ
1113 4850 1117 4857 ,
