4259 5592
540 424 590 529 ,a
848 402 1619 522 numericorum

537 620 663 701 cerat,
683 617 727 682 ut
745 594 859 683 etiam
872 623 1008 680 manus
1029 593 1126 704 sape
1148 591 1319 678 tolleret:
1339 619 1416 676 nec·
1436 594 1603 694 mirum3
1617 620 1708 680 narn
1720 603 1927 714 nunquam

536 711 702 796 arbitror
726 733 862 795 contra
884 706 1135 795 Academiam
1156 704 1305 790 dietum
1323 708 1399 791 else
1421 703 1614 794 subtiliits:
1640 738 1703 794 me
1725 742 1927 828 quoque,

535 827 740 940 jochnsne,
761 853 810 906 an
835 823 887 907 ita
911 822 1072 906 sentinis
1106 824 1226 932 (non
1251 825 1355 907 enim
1385 819 1467 904 sartis
1494 819 1784 934 intelligebam)
1807 829 1928 942 coepit

534 943 704 1041 hortari,
729 961 773 1024 ut
797 935 979 1020 sententii
1001 935 1226 1021 desisterem

593 1057 698 1137 Turn
719 1050 818 1134 mihi
831 1048 1021 1153 Catulus,
1044 1049 1084 1132 Si
1102 1074 1167 1153 te,
1192 1049 1343 1163 inquit,
1369 1048 1519 1135 Luculli
1539 1055 1666 1138 oratio
1687 1054 1925 1171 flexit,quae

535 1167 588 1252 est
603 1165 732 1250 habita
747 1163 968 1248 memoriter
983 1227 1007 1268 ,ἱ
1020 1165 1220 1269 accurate,
1240 1165 1433 1276 copiose,
1454 1184 1593 1265 taceo·,
1615 1194 1744 1278 neque
1758 1192 1818 1275 te,
1839 1175 1924 1283 qui)

534 1274 734 1382 minhs,s1
761 1275 831 1362 tibi
850 1282 901 1361 ita
924 1276 1122 1381 videatur,
1149 1278 1369 1364 sententiam
1392 1298 1543 1378 mutes,
1564 1277 1836 1368 deterrendum
1848 1315 1930 1397 pu-

534 1418 590 1480 to.
620 1391 714 1476 lllud
732 1395 826 1478 verh
844 1420 927 1478 non
940 1387 1180 1494 censuerim,
1202 1415 1244 1476 ut
1258 1391 1337 1500 ejus
1353 1392 1578 1482 auctoritate
1592 1419 1785 1481 moveare.
1813 1400 1924 1482 Tan-

486 1557 487 1562 *
533 1503 620 1592 thm
639 1510 743 1588 enim
771 1529 809 1590 te
834 1536 917 1591 non
934 1511 1113 1609 monuit,
1140 1505 1267 1619 inquit
1292 1502 1483 1606 arridens,
1504 1528 1550 1590 ut
1572 1535 1751 1613 caveres,
1774 1516 1928 1625 nequis
1988 1588 1990 1591 .
2123 1566 2124 1573 κ

534 1617 739 1733 improbus
760 1619 937 1706 tribunus
962 1617 1112 1733 plebis,
1141 1648 1314 1734 quorum
1339 1616 1446 1700 vides
1467 1644 1609 1730 quanta
1637 1626 1754 1736 eopia
1776 1625 1927 1735 semper

536 1733 664 1818 sutura
683 1736 754 1838 sit,
778 1734 957 1846 arriperet
974 1758 1039 1838 te,
1063 1735 1102 1818 &
1123 1733 1164 1815 in
1183 1738 1378 1817 concione
1397 1758 1607 1842 quateret,
1633 1743 1700 1848 qui
1725 1737 1795 1822 tibi
1825 1767 1927 1822 con-

535 1849 672 1950 stares,
698 1855 791 1933 curn
818 1849 922 1931 idem
949 1861 1108 1961 negares
1131 1847 1351 1960 quidquam
1375 1848 1466 1928 certi
1486 1849 1596 1954 polle
1625 1851 1924 1960 reperiri,idem

536 1985 575 2046 te
591 1965 819 2075 comperisse
843 1955 1006 2045 dixisses.
1037 1967 1155 2065 Hoc,
1177 1961 1306 2073 qualo
1318 2023 1331 2062 ,
1352 1985 1402 2041 ne
1419 1981 1458 2042 te
1472 1981 1617 2063 terreat.
1646 1967 1709 2045 De
1732 1965 1841 2048 causa
1854 1994 1928 2049 au·

536 2101 616 2161 tem
633 2079 707 2185 iplit
731 2075 859 2160 malim
884 2073 1044 2188 quidem
1071 2098 1108 2158 te
1127 2073 1174 2158 ab
1200 2078 1279 2158 hoc
1305 2075 1507 2159 dissentire.
1548 2080 1613 2158 Sin
1634 2077 1811 2179 cesseris,
1839 2107 1925 2162 non

535 2217 774 2302 magnopere
795 2189 975 2273 mirabor.
1009 2188 1172 2272 Memini
1196 2191 1299 2293 enim
1321 2187 1561 2273 Antiochum
1583 2191 1724 2302 ipsum,
1748 2197 1841 2276 curn
1854 2220 1928 2274 an-

534 2333 609 2388 nos
630 2304 772 2400 multos
791 2303 877 2386 talia
898 2303 1056 2386 sensisset
1074 2365 1087 2405 ,
1102 2301 1211 2387 simul
1227 2329 1274 2385 ac
1296 2299 1418 2385 visum
1438 2301 1506 2405 fit,
1527 2302 1708 2389 sententiat
1729 2303 1921 2390 destitisse.

534 2421 631 2500 Haec
656 2414 747 2501 clun
773 2414 923 2500 dixisset
949 2413 1135 2501 Catulus:
1162 2442 1227 2498 me
1246 2441 1385 2500 omnes
1401 2413 1552 2499 intueri.

462 2577 521 2593 -·
544 2564 546 2572 ’
592 2533 698 2614 Turn
717 2557 795 2642 ego
810 2558 892 2613 non
914 2523 1038 2613 minias
1061 2551 1312 2632 commotus,
1336 2533 1456 2641 quim
1473 2526 1576 2614 soleo
1599 2535 1640 2615 in
1661 2533 1781 2617 causis
1799 2533 1925 2644 majo-

455 2642 519 2704 '20
535 2639 640 2728 ribus
660 2707 674 2745 ,
695 2641 914 2752 hujusmodi
942 2640 1112 2755 quadam
1138 2645 1314 2727 oratione
1339 2645 1422 2725 litm
1448 2643 1627 2729 exorsus:
1648 2653 1736 2749 Me,
1757 2646 1925 2748 Catule,

536 2761 663 2842 oratio
688 2757 833 2844 Luculli
856 2757 906 2839 de
931 2758 1008 2869 ipsa
1030 2759 1071 2838 re
1099 2759 1149 2839 ita
1179 2757 1330 2858 movit,
1355 2780 1400 2841 ut
1430 2756 1537 2843 dosii
1561 2760 1758 2862 hominia,
1784 2760 1822 2843 &
1852 2790 1928 2846 co-

535 2872 661 2984 piosi,
690 2872 728 2954 ὃ(
750 2854 893 2982 parati,
925 2868 1073 2955 &nihil
1092 2869 1351 2979 praetereuntis
1379 2897 1540 2973 eorum,
1560 2901 1646 2983 quae
1669 2902 1744 2985 pro
1758 2871 1924 2956 illacau-

537 2982 675 3067 sadici
699 2987 882 3094 possent3'
904 3013 987 3068 non
1012 3006 1140 3070 tamen
1166 3005 1210 3067 ut
1233 2987 1269 3065 ei
1294 2982 1523 3094 respondere
1557 2985 1667 3095 polle
1696 2983 1926 3072 diffiderem

538 3099 756 3183 Ausiotitas
781 3119 909 3181 autern
932 3118 1034 3181 tanta
1057 3096 1170 3208 plane
1198 3123 1261 3179 me
1285 3093 1496 3199 movebat,
1516 3095 1585 3181 nist
1617 3118 1661 3182 tu
1685 3099 1928 3212 opposuisses

536 3241 621 3296 non
635 3215 824 3296 minorem
844 3233 962 3296 tuam.
991 3208 1203 3323 Aggrediar
1220 3213 1363 3320 igitur,
1382 3210 1409 3296 si
1430 3238 1555 3322 pauca
1569 3215 1657 3303 ante
1677 3214 1785 3327 quasr
1805 3211 1856 3299 de
1868 3213 1929 3298 fa-

536 3353 600 3408 ma
622 3352 706 3412 mea
730 3325 878 3411 dixero.
1281 3378 1285 3383 ⁴

592 3443 679 3550 Ego
706 3441 889 3540 enim,li
921 3463 988 3523 aut
1016 3436 1271 3524 ostentatione
1304 3439 1431 3551 aliqua
1452 3439 1672 3546 adductus,
1702 3464 1768 3527 aut
1796 3441 1929 3528 [ludio

537 3551 736 3654 certandi,
758 3552 809 3636 ad
828 3555 930 3635 hanc
956 3555 1194 3663 potissmium
1220 3553 1503 3666 philosophiam
1523 3585 1587 3640 me
1610 3555 1823 3668 applicavi3
1845 3587 1931 3641 non

535 3665 662 3751 modo
692 3665 881 3749 stultitiam
904 3692 1030 3752 meam
1042 3728 1055 3769 ,
1079 3664 1144 3749 sed
1172 3669 1287 3750 etiam
1309 3696 1437 3776 mores
1466 3669 1703 3754 &naturam
1736 3671 1930 3766 condem·

536 3780 705 3865 nandam
731 3802 842 3891 puto
872 3785 1000 3884 Nam,
1029 3781 1055 3862 li
1084 3779 1125 3861 in
1161 3781 1329 3866 minimis
1349 3783 1462 3865 rebus
1489 3787 1697 3892 pertinacia
1722 3787 1934 3896 reprehen-

538 3893 669 3997 ditur,
695 3893 885 3978 calumnia
917 3899 1032 3979 etiam
1051 3899 1279 3980 coircctur:
1311 3921 1388 4006 ego
1417 3895 1468 3981 de
1491 3902 1600 3980 omni
1623 3900 1721 3982 statu
1744 3896 1930 3990 constlio÷

502 4047 504 4052 ¹
537 4036 617 4122 que
640 4012 760 4094 totius
783 4011 868 4095 vitae
891 4032 957 4094 aut
984 4031 1125 4093 certare
1158 4038 1250 4100 cum
1278 4009 1356 4093 aliis
1376 4018 1639 4124 pugnaciter,
1669 4033 1735 4094 aut
1763 4011 1932 4095 frustrari

537 4118 629 4206 clun
650 4121 766 4225 alios,
789 4145 874 4208 tum
897 4129 1012 4208 etiam
1033 4149 1096 4204 me
1130 4120 1255 4232 ipsum
1280 4124 1418 4215 velim?
1451 4131 1618 4238 ltaque,
1651 4125 1719 4206 nisi
1750 4127 1932 4236 ineptum

537 4257 734 4348 putarem,
756 4237 798 4322 in
816 4237 879 4326 tali
900 4236 1157 4351 disputatione
1175 4238 1217 4322 id
1237 4239 1387 4346 facere„
1407 4238 1543 4352 quod,
1573 4234 1663 4321 ciam
1689 4234 1720 4278 ⁵⁸
1737 4237 1788 4321 de
1810 4267 1933 4434 rppu-

539 4366 560 4408 a
1870 4358 1930 4439 ica

536 4595 538 4600 Ι
582 4525 626 4588 58.
647 4519 710 4577 Cim
726 4524 757 4580 de
775 4529 834 4604 Rq.
860 4525 1028 4604 disceptatu,
1060 4521 1115 4592 fieri
1133 4525 1213 4580 inrer-
1251 4523 1337 4592 nim,
1365 4543 1383 4581 a:
1411 4542 1578 4585 ntruutrca
1600 4541 1665 4582 esst
1687 4543 1769 4592 ouon
1791 4537 1928 4580 eaustus-

537 4599 601 4655 dum
619 4597 705 4674 hier]
728 4601 869 4678 Respicere
890 4603 1001 4664 videtur
1020 4603 1056 4663 ad
1079 4602 1109 4663 id
1129 4603 1210 4678 jusju-
1248 4621 1334 4663 sent.
1360 4605 1435 4665 Vide
1449 4604 1618 4666 Brilsonium
1629 4605 1732 4677 Fortu,
1747 4603 1797 4665 lib.
1811 4605 1848 4663 Π,
1862 4617 1930 4678 pag.

536 4681 675 4747 randum,
697 4699 757 4755 quo
778 4681 839 4757 post
858 4681 1001 4743 sententias
1021 4683 1107 4744 dictas
1126 4684 1209 4753 inrer-
1247 4700 1313 4744 226.
1333 4687 1489 4754 Davisius.

509 4838 510 4841 Ἴ
536 4761 609 4824 dutn
628 4759 812 4846 adigebantur
846 4759 981 4830 senatores
1002 4783 1010 4823 :
1031 4766 1157 4842 jurabant
1178 4783 1229 4835 ετ.
1288 4782 1333 4834 59·
1355 4769 1500 4829 Carnem
1512 4785 1707 4849 nonnunquam
1728 4761 1931 4904 semmmhlll
