4259 5592
539 436 629 533 an
843 409 1644 501 Tuseuuannnun

541 602 741 719 perleviter
763 620 913 713 pungat
941 594 1062 684 animi
1087 596 1214 685 dolor.

465 740 527 851 ᾗ
599 717 676 805 sed
707 716 758 801 ad
787 716 899 797 hanc.
923 712 1154 825 opinionem
1179 716 1324 825 magni·
1339 711 1428 797 mali
1449 717 1547 797 etim
1570 709 1632 797 illa
1649 708 1769 800 etiam
1792 717 1934 826 opinio

541 836 710 935 accessit,
734 851 946 942 oportere,
973 829 1121 913 redum
1142 830 1243 930 effe,
1264 826 1315 911 ad
1341 828 1518 913 officium
1544 825 1873 940 peninere,ferre
1889 830 1933 915 il·

542 950 611 1035 lud
636 947 761 1060 egre,
788 942 901 1057 quod
920 941 1104 1029 acciderit
1117 974 1127 1028 :
1142 966 1227 1029 tum
1243 940 1414 1054 denique
1427 938 1593 1026 efficitur
1606 942 1664 1026 illa
1683 945 1810 1057 gravis
1822 944 1932 1057 agri-

539 1063 688 1152 tudinis
704 1056 1044 1173 perturbatiobx
1070 1059 1144 1143 hac
1170 1055 1360 1171 opinione
1386 1056 1471 1141 sunt
1497 1054 1558 1139 nn
1577 1055 1681 1143 varia
1702 1058 1742 1140 δί
1769 1056 1935 1145 deretra-

540 1175 631 1265 bilia
647 1203 789 1291 genera
809 1172 997 1287 lugendi,
1017 1172 1221 1285 paedores,
1243 1166 1445 1255 muliebres
1462 1169 1712 1256 lacerationes
1729 1198 1935 1285 genarum,

540 1296 739 1409 pecioris,
761 1288 977 1391 sermnem,
1000 1286 1136 1402 eapitis
1159 1288 1428 1401 perculiones
1457 1290 1564 1373 Hinc
1587 1286 1647 1371 ille
1660 1295 1930 1401 Agamemnon

546 1412 581 1455 ³’
593 1408 855 1507 Homericus,
875 1402 914 1486 &
937 1400 1043 1488 idem
1071 1406 1286 1504 Accianus,

714 1517 886 1606 Scindens
906 1517 1024 1601 dolore
1042 1516 1245 1599 identidem
1267 1516 1450 1621 incedam
1473 1543 1626 1603 rom.
1700 1568 1703 1576 ,

540 1645 584 1724 ln
601 1665 687 1750 quo
712 1634 882 1720 facetum
909 1631 1005 1718 illud
1026 1636 1188 1738 biouis„
1208 1630 1370 1745 perinde
1396 1630 1648 1717 stultiffunum
1670 1656 1802 1743 segem
1815 1636 1854 1718 in
1871 1631 1926 1718 lu-

541 1753 610 1837 clu
634 1747 818 1863 capillum
841 1742 912 1831 sibi
948 1746 1135 1850 evellere,
1161 1751 1272 1863 pass
1288 1746 1438 1831 caluitio
1462 1775 1590 1837 tuerer
1610 1749 1811 1832 numm.
1853 1746 1924 1832 Sed

541 1868 624 1951 hac
648 1866 783 1951 omnia
804 1860 951 1947 faciunt
966 1926 984 1967 ,
1001 1861 1210 1974 opinantes
1230 1870 1284 1947 ita
1305 1860 1609 1975 fieri-oportere
1652 1906 1658 1916 .

600 1985 732 2091 ltaque
757 1976 797 2061 &
822 1978 1014 2063 AEschines
1032 1981 1072 2061 in
1093 1978 1399 2062 Demosthenem
1426 1977 1620 2063 invehitur
1632 2040 1651 2081 ,
1666 1975 1780 2089 qubd·
1794 1980 1826 2061 is'
1843 1975 1936 2090 stp-

539 2099 641 2179 timo
665 2091 730 2178 die
750 2090 841 2202 post
865 2090 932 2175 filii
956 2116 1125 2177 mortem
1147 2095 1286 2178 hostias
1312 2088 1550 2179 immolarier.
1578 2098 1629 2177 At
1652 2096 1769 2207 quim
1792 2092 1934 2177 rheto-·

539 2209 650 2297 rice!
673 2210 794 2323 quim
818 2208 1010 2318 copiose!
1032 2234 1129 2320 quas
1158 2209 1359 2291 sententias
1385 2205 1555 2320 colligit!
1582 2236 1671 2319 qun
1690 2203 1807 2290 verba
1828 2234 1926 2291 com

464 2397 472 2429 ,Ι
539 2328 719 2434 torquet!
741 2342 787 2405 ut
809 2319 922 2404 licere
940 2319 1097 2434 quidvis
1119 2323 1264 2406 rhetori
1284 2320 1487 2436 intelligas..
1510 2329 1612 2437 Qec
1634 2348 1754 2405 nemo
1784 2316 1935 2433 proba--

466 2434 470 2440 ’
538 2462 623 2542 ret,
651 2437 720 2521 nisr
751 2433 908 2521 insitum
925 2432 1019 2519 illud
1037 2439 1078 2518 in
1105 2440 1244 2521 animis
1263 2434 1521 2539 haberemus,
1555 2463 1692 2523 omnes
1712 2431 1847 2520 bonos
1869 2437 1932 2519 in«

414 2565 420 2580 “
536 2557 658 2642 teritu
678 2551 838 2637 suorum
855 2552 977 2663 quim
995 2549 1207 2662 gravissime
1228 2578 1389 2636 moerere
1420 2574 1615 2663 oportere.
1649 2555 1706 2635 Ex
1731 2553 1811 2635 hoe
1839 2576 1931 2635 eve-1

497 2700 502 2707 ·
535 2667 617 2772 nit,
651 2670 758 2752 utin
784 2661 905 2748 animi
927 2661 1133 2751 doloribus
1152 2666 1214 2751 alii
1239 2665 1463 2755 solitudines
1486 2688 1672 2780 captent,
1697 2687 1742 2751 ut
1759 2670 1810 2754 ait
1836 2669 1924 2749 Ho-

536 2809 669 2871 merus
687 2778 739 2865 de
761 2776 1059 2891 Bellerophonte
1072 2782 1124 2884 ⁴⁰,

707 2893 792 3006 qu
821 2892 926 2995 miser
956 2894 1157 3004 inrumpis
1180 2924 1332 2977 merens
1356 2896 1509 2979 errabat
1529 2894 1670 3000 Aleis,

706 3008 785 3119 Ipſs·
794 3011 918 3110 frium
939 3035 999 3089 cor
1025 3010 1160 3115 edens,
1181 3010 1375 3093 nominum
1397 3010 1548 3125 vestigia
1572 3010 1712 3095 vitans.

506 3127 582 3225 „Er
604 3124 740 3209 Niobe
763 3120 922 3235 fingitur
943 3121 1127 3237 lapidea,
1149 3147 1310 3236 propter
1332 3148 1546 3229 aternum,
1574 3125 1694 3211 eredo
1706 3189 1720 3229 ,
1749 3128 1790 3207 in
1822 3122 1935 3209 lunu-

532 3236 734 3328 filentium.
776 3231 986 3323 Hecubam
1019 3263 1151 3325 autem
1177 3261 1315 3353 putant
1341 3266 1503 3356 propter
1529 3245 1647 3325 animi
1686 3236 1934 3327 acerbitatem·

533 3351 734 3464 quandam
757 3352 804 3435 &.
819 3346 991 3456 rabiem,
1019 3352 1117 3469 fingi
1138 3359 1179 3439 in
1209 3382 1346 3440 canem
1366 3360 1442 3441 elie
1463 3356 1698 3442 conversam
1738 3360 1838 3439 Sunt
1856 3382 1928 3439 au-

532 3489 612 3557 tem
632 3466 723 3571 alii,
747 3496 852 3580 quos
873 3465 915 3550 in
942 3466 1048 3555 lueiu
1073 3498 1167 3554 cum
1188 3469 1267 3583 ipsa
1293 3470 1496 3557 solitudine
1506 3470 1618 3585 loqui
1639 3467 1934 3585 inpedeleiiat,

494 3605 578 3674 ··ut
602 3580 666 3675 nn
683 3579 793 3694 apud
820 3584 992 3667 Ennium
1012 3588 1172 3671 nutrix:

541 3780 546 3790 ,
621 3697 624 3702 ’
704 3696 845 3806 Cupido
858 3698 893 3773 ⁴.¹
909 3696 1004 3808 cepit
1031 3701 1211 3804 miseram-
1234 3729 1331 3783 nunc
1353 3728 1414 3781 me
1428 3700 1595 3815 proloqui
1655 3749 1658 3755 -

540 3896 544 3902 ,
613 3869 618 3875 ·
705 3810 935 3931 canatque
960 3833 1061 3896 terra
1088 3812 1263 3903 Medeai·
1282 3816 1457 3919 miserias.
1568 3849 1597 3864 ·2

455 3970 546 4023 ν,
588 3928 684 4011 Haec
716 3931 852 4015 omnia
875 3926 1007 4033 rena,
1034 3954 1152 4032 vera,
1173 3924 1302 4014 debita
1324 3953 1528 4044 putantes,
1557 3930 1704 4015 fatiunt
1736 3928 1777 4011 in
1807 3924 1941 4013 dolo-·

457 4016 513 4098 ²7
532 4065 598 4123 re:
623 4044 873 4155 maximeque
890 4040 1125 4147 declaratur,
1140 4046 1221 4129 hoc
1241 4045 1348 4157 quasi
1369 4044 1490 4132 officii
1510 4040 1784 4157 judiuiofien'..
1800 4040 1941 4157 Qubd·

528 4153 559 4245 st
583 4159 653 4265 qui
682 4156 783 4244 forte
796 4219 810 4261 ,
835 4162 931 4244 crim
961 4156 1064 4257 sein
1086 4158 1194 4246 luein
1213 4162 1289 4243 elle
1315 4161 1477 4265 vellent,
1499 4158 1645 4275 aliquid
1659 4156 1833 4243 fecerunt
1851 4162 1931 4245 hu-

510 4266 703 4374 manis,
729 4296 798 4361 aut
821 4274 851 4357 fi
871 4269 1025 4362 lrilariirs
1043 4273 1167 4361 locuti
1187 4276 1273 4362 sunt
1285 4337 1298 4380 ,
1319 4298 1504 4363 revocant
1530 4274 1565 4361 se
1588 4278 1718 4361 rursris
1742 4272 1792 4359 ad
1827 4302 1930 4359 mrt-

1757 4387 1936 4496 stiriam,

544 4612 1206 4713 '39480mmn00fflmffiwlffiulll015-
1288 4661 1337 4715 41.
1414 4642 1419 4655 '
1470 4641 1707 4719 JGraecaapud
1733 4633 1926 4715 Euripidem,

529 4716 920 4888 niffzss‘fflfflrQ
940 4718 1016 4808 miser
1032 4742 1061 4787 m
1085 4728 1205 4809 um]
1247 4721 1500 4881 Miivaerieiii]
1524 4802 1666 4867 Heauton.
1676 4799 1928 4871 AstrI.Sc.r.95.
