4259 5592
496 399 1298 551 'arnanournrua
1517 457 1605 552 4⁶,

200 627 303 732 bus,
323 620 526 710 bonorum
548 617 700 709 beatam
728 619 849 710 vitam
870 621 968 726 esse,
993 620 1254 712 concluditur.

261 739 438 844 Etenim,
463 739 538 853 prb
561 737 731 824 deorum
747 762 867 852 atque
890 738 1101 824 hominum
1126 740 1248 826 fidem
1263 747 1272 831 l
1288 746 1480 855 parumne
1501 734 1605 855 cogss

201 861 329 944 nitum
353 859 406 940 est
436 852 697 967 superioribus
733 855 871 940 nostrie
905 850 1257 966 disputationibus,
1299 885 1350 942 an
1376 856 1603 946 deteuatio-

203 975 263 1056 nis
286 971 326 1056 δι
353 972 425 1056 otii
446 968 705 1056 consumendi
728 965 843 1055 causi
858 967 982 1054 locuti
1008 967 1166 1074 sumus,
1192 969 1398 1084 sapientem
1424 972 1474 1056 ab
1492 980 1603 1061 omni

203 1088 470 1172 concitatIone
488 1082 627 1187 animi,
655 1113 777 1198 quarn
800 1082 1139 1198 perturbationem
1160 1116 1294 1189 voco,
1316 1086 1463 1200 semper
1485 1117 1602 1174 vaca·

203 1212 270 1292 re?
301 1198 449 1314 semper
472 1198 669 1290 inanimo
691 1198 867 1310 ejuselse
889 1197 1185 1314 placidissimam
1208 1215 1372 1312 pacem?
1401 1206 1467 1286 Vir
1482 1207 1601 1316 igitur

206 1319 240 1352 ²²
252 1337 513 1430 temperatus,
537 1315 744 1417 constans,
763 1315 841 1400 fine
861 1334 970 1401 metu
990 1374 1003 1418 ‚
1028 1315 1108 1401 fine
1128 1313 1386 1430 egritudine,
1414 1317 1492 1400 stne
1522 1318 1601 1404 ala·

202 1437 337 1522 critate
362 1429 460 1535 ula,
482 1431 561 1516 stne
581 1429 741 1516 libidine
753 1495 767 1536 ,
779 1433 912 1516 nonne
931 1431 1094 1523 beatus?
1112 1437 1162 1517 At
1175 1429 1322 1544 semper
1333 1431 1478 1542 sapiens
1493 1433 1598 1522 talis:

204 1548 351 1663 semper
370 1546 490 1663 igitur
508 1544 654 1633 beatus.
681 1551 763 1668 Jam
781 1550 877 1635 verb
897 1552 966 1660 qul
986 1545 1115 1660 potest
1134 1549 1193 1632 vir
1215 1546 1346 1634 bonus
1370 1575 1453 1633 non
1465 1545 1516 1630 ad
1534 1547 1576 1632 id
1587 1612 1603 1655 ,

205 1661 321 1778 quod
345 1659 536 1750 laudabile
554 1661 620 1766 fit,
647 1666 783 1748 omnia
803 1661 967 1768 referre,
1000 1689 1090 1775 quae
1123 1665 1229 1776 agit,
1258 1656 1430 1775 quiaque
1465 1663 1601 1756 sentit?

205 1777 331 1864 Refert
351 1801 481 1864 autem
508 1778 643 1864 omnia
662 1776 714 1863 ad
730 1776 842 1863 beate
867 1776 1112 1864 vivendum:
1138 1777 1252 1864 beata
1276 1779 1397 1892 igitur
1415 1781 1495 1864 vita
1518 1779 1604 1866 lau-

207 1891 365 1980 dabilis:
387 1920 460 1979 nec
483 1890 704 2008 quidquam
727 1893 806 1978 fine
824 1897 966 1981 virtute
985 1888 1198 1980 laudabile:
1236 1888 1346 1980 beata
1371 1892 1490 2007 igitur
1522 1894 1602 1979 vita

206 2007 348 2096 vinute
369 2007 587 2114 conficitur.
1548 2079 1553 2088 .

263 2137 394 2238 Atque
416 2127 497 2211 hoc
527 2123 579 2208 sic
603 2125 721 2232 etiam
744 2122 1004 2211 concluditur.
1042 2125 1129 2209 Nec
1154 2121 1197 2206 in
1220 2123 1353 2208 misera
1377 2124 1457 2208 vita
1482 2121 1602 2235 quid·
1616 2175 1676 2192 -

237 2269 328 2327 uam
351 2239 406 2326 est
428 2235 670 2356 praedicabile
686 2261 754 2326 aut
779 2237 1052 2355 gloriandum:
1074 2265 1150 2322 nec
1172 2241 1215 2323 in
1229 2265 1274 2322 ea
1286 2298 1300 2341 ,
1325 2266 1412 2352 qua
1435 2263 1512 2322 nec
1526 2236 1602 2320 mi·
1625 2225 1673 2305 ¹7

206 2269 286 2444 sera
310 2357 382 2462 stt,
398 2381 473 2442 nec
498 2350 617 2442 botta.
646 2359 694 2442 Et
715 2353 772 2440 eu
792 2355 837 2438 in
860 2352 988 2470 aliqua
1011 2352 1091 2454 vita
1109 2349 1352 2466 praedicabile
1377 2352 1547 2467 aliquid,
1562 2353 1605 2436 δι

206 2470 478 2587 gloriandum,
506 2499 554 2556 ac
572 2500 648 2586 prae
672 2467 958 2558 feferendum:
981 2492 1026 2556 ut
1043 2468 1359 2583 Epaminondas,
1584 2526 1588 2534 -

384 2586 543 2698 Cotfilia's
563 2584 848 2701 “nquam
872 2584 1086 2700 assalturis«
1101 2584 1330 2670 Laconum

207 2725 253 2790 ut
275 2701 510 2809 Africanus,
1041 2761 1043 2766 .

381 2817 431 2906 A
436 2819 516 2922 sila
534 2815 717 2902 exoriente
729 2881 743 2922 ,
752 2821 874 2930 supra
895 2812 1043 2904 Mat?
1063 2816 1249 2928 paludes,

440 2933 559 3021 Nemo
578 2932 644 3048 cst,
669 2933 737 3050 qui
748 2928 867 3043 faidis
893 2959 954 3011 me
977 2929 1204 3048 aequiperare
1229 2951 1358 3045 queat.

210 3043 383 3164 desr
410 3049 491 3154 est,
510 3047 621 3134 beata
647 3055 724 3136 vita
742 3045 966 3164 glorianda,
987 3049 1028 3137 &
1050 3043 1319 3161 praedicanda,
1342 3045 1471 3157 &pra
1494 3040 1609 3127 sefe-

209 3163 327 3248 tenda
345 3163 419 3250 est:
440 3165 533 3252 nihil
558 3164 610 3248 ell
635 3169 742 3249 enim
766 3161 897 3267 aliud,
927 3162 1044 3276 quod
1069 3159 1364 3275 praedicandum
1391 3159 1433 3243 &
1459 3187 1538 3274 prae
1566 3160 1609 3243 se·

207 3277 415 3363 ferendum
436 3279 491 3363 fit.
520 3275 678 3402 Quibus
701 3281 861 3392 positis,
885 3277 1061 3390 inteligis
1089 3273 1188 3475 quid
1202 3267 1402 3388 sequatur.
1438 3278 1485 3358 Et
1510 3276 1608 3386 qui-

209 3393 323 3498 dem,
345 3390 414 3477 nisi
437 3420 483 3479 ea
510 3393 588 3480 vita
612 3389 722 3480 beata
750 3393 832 3498 est,
856 3421 944 3505 qua
970 3393 1024 3476 est
1044 3417 1091 3478 ea
1119 3417 1187 3473 eru
1209 3388 1398 3475 honesta:
1422 3387 1466 3472 srt
1498 3386 1608 3473 aliud

208 3507 359 3594 neoelse
375 3507 429 3594 ell
447 3508 584 3595 melius
602 3503 681 3594 vital
699 3505 822 3596 beati.
895 3503 980 3592 uod
1016 3504 1087 3591 erit
1107 3504 1214 3588 enim
1238 3504 1473 3606 honestum,
1501 3505 1608 3587 certe

207 3619 431 3712 fatebuntur
454 3625 530 3711 esse
556 3623 702 3711 melius.
732 3629 786 3711 lta
816 3627 885 3710 erit
977 3617 1016 3706 ti
1041 3617 1122 3708 vitai
1144 3619 1281 3708 tnelitu
1306 3615 1487 3731 aliquid:
1518 3645 1612 3814 quq

960 3741 1001 3823 N
1031 3765 1059 3820 n
1085 3765 1117 3820 n
1175 3767 1197 3846 3
1505 3735 1575 3842 qui

210 4006 281 4070 argo
302 3983 364 4050 lm
379 3985 454 4050 illud
465 3987 520 4048 alla
537 3983 569 4045 in
588 3983 696 4046 malam
712 3979 826 4045 remim
844 3982 885 4060 ju·
908 3978 1013 4044 'latitia
1034 3978 1155 4061 gestiam
1175 3973 1212 4040 ὰ
1234 3977 1323 4036 libido.
1338 3974 1389 4035 Sic
1404 3991 1428 4032 c.
1446 3985 1474 4030 6.
1496 3972 1607 4034 Lauta

212 4073 264 4143 be,
284 4070 316 4132 &
333 4070 478 4152 legemeo
494 4066 639 4148 pericu10,
651 4072 709 4126 Sine
730 4085 815 4134 maru,
826 4061 884 4140 fine
919 4063 1027 4142 gestiens
1042 4062 1088 4120 vel
1100 4064 1191 4120 niniia.
1211 4059 1282 4136 Cap.
1300 4077 1328 4126 7.
1349 4053 1455 4134 Profhja
1475 4053 1608 4112 hilaritas.

211 4155 383 4231 egritudine,
393 4151 452 4232 sme
469 4153 599 4211 alacritate
618 4147 712 4218 liuili,
726 4145 783 4226 sine
800 4145 884 4205 libidi-
927 4159 971 4207 16.
993 4147 1085 4204 inanis
1107 4143 1235 4220 alacriraa
1249 4159 1296 4218 33.
1327 4138 1466 4218 Exsalraar
1482 4132 1602 4214 gastari}

212 4257 253 4295 ae.
273 4233 421 4296 Nimirum
440 4231 512 4294 clam
525 4227 682 4295 secundum-
698 4229 808 4292 Stoicos
822 4246 885 4307 per-
922 4247 971 4308 que
985 4227 1079 4285 latitia
1097 4221 1148 4286 tv.
1166 4243 1211 4295 ¹4-
1234 4221 1346 4298 Iasoleas
1371 4219 1499 4307 alacritas.
1522 4220 1603 4295 Lege

210 4315 406 4379 turbationum
421 4333 511 4394 partes
530 4313 582 4376 rint
597 4332 736 4394 quatuor,
752 4313 884 4393 agritudo,
923 4327 992 4392 ergo
1006 4307 1052 4366 hle
1068 4303 1217 4396 non-oded
1234 4321 1338 4382 mgna
1360 4315 1530 4390 miratione,
1543 4304 1603 4357 Sine

211 4418 313 4473 merra,
335 4399 429 4469 libido,
447 4400 532 4458 latitia
540 4410 556 4468 ,'
568 4395 624 4458 sive
641 4397 761 4456 alacritas
781 4417 791 4459 ,-
812 4393 884 4452 hanc
923 4393 1053 4451 alacritate
1068 4384 1144 4447 stitilr
1165 4408 1172 4442 .-
1192 4402 1225 4445 ut
1240 4385 1323 4444 Tulc.
1332 4387 1370 4446 V.
1386 4395 1415 4442 6.
1435 4379 1544 4439 Fuulea
1563 4379 1607 4435 la·

212 4479 357 4551 ultimam,
377 4479 442 4558 quia
460 4497 546 4540 voces
565 4477 620 4538 illae
642 4495 692 4556 par
712 4475 739 4536 se
764 4473 885 4536 honesta
912 4477 983 4533 ¹titia
995 4469 1031 4535 ῥ’
1048 4467 1272 4550 exsultantem.
1287 4485 1333 4535 ιγ.
1351 4460 1605 4552 Necfirienrerqald

210 4558 288 4633 sunt,
301 4561 440 4641 &aptus
458 4559 488 4620 in
506 4559 593 4621 laude·
605 4559 691 4637 quarn
703 4557 733 4616 in
750 4555 820 4618 titio
835 4575 888 4636 po-
925 4572 1040 4638 expueru
1059 4552 1150 4611 ardeat
1169 4545 1310 4628 desiderio,
1336 4567 1382 4605 aec
1400 4541 1542 4604 atam
1565 4529 1611 4601 siv

212 4641 450 4723 uunntr,sernper
460 4641 585 4721 epitheto
602 4641 697 4717 aliquo
708 4637 872 4699 dehonestat
879 4669 892 4707 ‚·
925 4639 969 4700 rili
980 4635 1089 4716 gestiens
1107 4629 1476 4712 deliqrasca.Banr1.arus.
1581 4702 1586 4712 ‚

212 4746 272 4803 quo
286 4726 452 4788 ostendatur
464 4743 532 4786 earn
550 4739 598 4784 aut
612 4722 680 4782 lines
696 4718 759 4782 suos
770 4721 889 4780 excede-
969 4738 1016 4796 ²3·
1037 4711 1151 4792 Corfiliis
1169 4712 1260 4791 nostrii
1278 4711 1337 4770 laur
1356 4708 1388 4788 ql
1408 4703 1539 4793 attonsa]
1563 4704 1616 4760 Im

213 4827 263 4880 te,
285 4827 336 4870 aur
362 4808 443 4870 mala·
463 4809 500 4866 de
521 4809 604 4868 caula
625 4800 706 4865 oriri.
739 4801 787 4861 stc
805 4798 888 4862 ruse.
926 4817 1044 4883 tegrunu
1072 4794 1253 4875 epigramma
1268 4790 1390 4857 exhibet.
1410 4786 1554 4852 emuna
1578 4780 1617 4842 lm

212 4889 266 4958 lv.
279 4913 309 4967 4.
327 4892 447 4972 agana,
465 4885 576 4968 inquit,
592 4887 649 4950 dua
659 4885 894 4970 perturbationes»,
928 4887 1025 4962 Boeou
1039 4881 1205 4955 Daroma,
