<?xml version="1.0" encoding="UTF-8"?>
<!DOCTYPE html PUBLIC "-//W3C//DTD XHTML 1.0 Transitional//EN"
    "http://www.w3.org/TR/xhtml1/DTD/xhtml1-transitional.dtd">
<html xmlns="http://www.w3.org/1999/xhtml" xml:lang="en" lang="en">
 <head>
  <title>
</title>
<meta http-equiv="Content-Type" content="text/html;charset=utf-8" />
  <meta name='ocr-system' content='tesseract 3.04.00' />
  <meta name='ocr-capabilities' content='ocr_page ocr_carea ocr_par ocr_line ocrx_word'/>
</head>
<body>
  <div class='ocr_page' id='page_1' title='image "./opera00cicegoog/opera00cicegoog_0483.png"; bbox 0 0 4259 5592; ppageno 0'>
   <div class='ocr_carea' id='block_1_1' title="bbox 467 416 1579 550">
    <p class='ocr_par' dir='ltr' id='par_1_1' title="bbox 467 416 1579 550">
     <span class='ocr_line' id='line_1_1' title="bbox 467 416 1579 550; baseline 0.008 -28"><span class='ocrx_word' id='word_1_1' title='bbox 467 416 776 523; x_wconf 78' lang='lat' dir='ltr'>&#39;nrnnn</span> <span class='ocrx_word' id='word_1_2' title='bbox 835 432 1277 549; x_wconf 80' lang='lat' dir='ltr'>Qurnans.</span> <span class='ocrx_word' id='word_1_3' title='bbox 1500 450 1579 550; x_wconf 68' lang='lat' dir='ltr'>nr</span> 
     </span>
    </p>
   </div>
   <div class='ocr_carea' id='block_1_2' title="bbox 120 612 1690 4774">
    <p class='ocr_par' dir='ltr' id='par_1_2' title="bbox 175 612 1584 1195">
     <span class='ocr_line' id='line_1_2' title="bbox 175 612 1584 854; baseline 0.001 -26"><span class='ocrx_word' id='word_1_4' title='bbox 175 612 550 828; x_wconf 70' lang='lat' dir='ltr'>:sasas</span> <span class='ocrx_word' id='word_1_5' title='bbox 568 619 1584 854; x_wconf 63' lang='lat' dir='ltr'>u...</span> 
     </span>
     <span class='ocr_line' id='line_1_3' title="bbox 182 852 1583 970; baseline 0.001 -30"><span class='ocrx_word' id='word_1_6' title='bbox 182 882 405 969; x_wconf 76' lang='lat' dir='ltr'>quaeramus</span> <span class='ocrx_word' id='word_1_7' title='bbox 430 879 751 967; x_wconf 83' lang='lat' dir='ltr'>unamquamque</span> <span class='ocrx_word' id='word_1_8' title='bbox 767 852 1009 970; x_wconf 89' lang='lat' dir='ltr'>reliquorum</span> <span class='ocrx_word' id='word_1_9' title='bbox 1022 858 1268 959; x_wconf 85' lang='lat' dir='ltr'>sententiam,</span> <span class='ocrx_word' id='word_1_10' title='bbox 1293 857 1321 939; x_wconf 86' lang='lat' dir='ltr'>sr</span> <span class='ocrx_word' id='word_1_11' title='bbox 1345 856 1427 941; x_wconf 85' lang='lat' dir='ltr'>lieri</span> <span class='ocrx_word' id='word_1_12' title='bbox 1441 859 1583 970; x_wconf 87' lang='lat' dir='ltr'>potest,</span> 
     </span>
     <span class='ocr_line' id='line_1_4' title="bbox 181 966 1581 1083; baseline 0.003 -28"><span class='ocrx_word' id='word_1_13' title='bbox 181 990 227 1055; x_wconf 90' lang='lat' dir='ltr'>ut</span> <span class='ocrx_word' id='word_1_14' title='bbox 255 970 334 1054; x_wconf 90' lang='lat' dir='ltr'>hoc</span> <span class='ocrx_word' id='word_1_15' title='bbox 372 967 597 1081; x_wconf 79' lang='lat' dir='ltr'>praclarum</span> <span class='ocrx_word' id='word_1_16' title='bbox 620 968 729 1083; x_wconf 84' lang='lat' dir='ltr'>quasr</span> <span class='ocrx_word' id='word_1_17' title='bbox 754 967 961 1057; x_wconf 80' lang='lat' dir='ltr'>decretum.</span> <span class='ocrx_word' id='word_1_18' title='bbox 992 966 1112 1057; x_wconf 81' lang='lat' dir='ltr'>beatae</span> <span class='ocrx_word' id='word_1_19' title='bbox 1141 968 1228 1057; x_wconf 87' lang='lat' dir='ltr'>vitae</span> <span class='ocrx_word' id='word_1_20' title='bbox 1253 974 1374 1082; x_wconf 76' lang='lat' dir='ltr'>poliat</span> <span class='ocrx_word' id='word_1_21' title='bbox 1401 977 1581 1059; x_wconf 89' lang='lat' dir='ltr'>omnium</span> 
     </span>
     <span class='ocr_line' id='line_1_5' title="bbox 182 1079 1456 1195; baseline 0.002 -26"><span class='ocrx_word' id='word_1_22' title='bbox 182 1085 372 1169; x_wconf 79' lang='lat' dir='ltr'>sententiis</span> <span class='ocrx_word' id='word_1_23' title='bbox 402 1082 443 1167; x_wconf 71' lang='lat'>81</span> <span class='ocrx_word' id='word_1_24' title='bbox 468 1079 673 1195; x_wconf 87' lang='lat' dir='ltr'>disciplinis</span> <span class='ocrx_word' id='word_1_25' title='bbox 691 1086 915 1170; x_wconf 75' lang='lat' dir='ltr'>convestire.</span> <span class='ocrx_word' id='word_1_26' title='bbox 1045 1145 1049 1154; x_wconf 77' lang='lat'><em>,</em></span> <span class='ocrx_word' id='word_1_27' title='bbox 1453 1148 1456 1155; x_wconf 89' lang='lat'>-</span> 
     </span>
    </p>

    <p class='ocr_par' dir='ltr' id='par_1_3' title="bbox 120 1194 1583 2671">
     <span class='ocr_line' id='line_1_6' title="bbox 175 1194 1583 1314; baseline 0.006 -36"><span class='ocrx_word' id='word_1_28' title='bbox 175 1268 180 1278; x_wconf 88' lang='lat'>.</span> <span class='ocrx_word' id='word_1_29' title='bbox 239 1202 339 1287; x_wconf 84' lang='lat' dir='ltr'>Sunt</span> <span class='ocrx_word' id='word_1_30' title='bbox 360 1219 493 1285; x_wconf 87' lang='lat' dir='ltr'>autern</span> <span class='ocrx_word' id='word_1_31' title='bbox 518 1200 578 1283; x_wconf 81' lang='lat' dir='ltr'>hae</span> <span class='ocrx_word' id='word_1_32' title='bbox 595 1197 649 1282; x_wconf 91' lang='lat' dir='ltr'>de</span> <span class='ocrx_word' id='word_1_33' title='bbox 683 1194 855 1306; x_wconf 85' lang='lat' dir='ltr'>finibus,</span> <span class='ocrx_word' id='word_1_34' title='bbox 874 1222 934 1285; x_wconf 88' lang='lat' dir='ltr'>ut</span> <span class='ocrx_word' id='word_1_35' title='bbox 959 1204 1132 1314; x_wconf 86' lang='lat' dir='ltr'><strong>opinor,</strong></span> <span class='ocrx_word' id='word_1_36' title='bbox 1157 1220 1310 1286; x_wconf 71' lang='lat' dir='ltr'>retenta</span> <span class='ocrx_word' id='word_1_37' title='bbox 1336 1194 1583 1313; x_wconf 61' lang='lat' dir='ltr'>defenskque</span> 
     </span>
     <span class='ocr_line' id='line_1_7' title="bbox 176 1310 1583 1431; baseline -0.001 -30"><span class='ocrx_word' id='word_1_38' title='bbox 176 1311 393 1409; x_wconf 70' lang='lat' dir='ltr'>sententia:</span> <span class='ocrx_word' id='word_1_39' title='bbox 418 1315 593 1427; x_wconf 79' lang='lat' dir='ltr'>primum</span> <span class='ocrx_word' id='word_1_40' title='bbox 714 1312 804 1401; x_wconf 85' lang='lat' dir='ltr'>lices</span> <span class='ocrx_word' id='word_1_41' title='bbox 830 1338 1022 1431; x_wconf 88' lang='lat' dir='ltr'>quatuor:</span> <span class='ocrx_word' id='word_1_42' title='bbox 1041 1312 1150 1401; x_wconf 91' lang='lat' dir='ltr'>Nihil</span> <span class='ocrx_word' id='word_1_43' title='bbox 1164 1310 1339 1419; x_wconf 90' lang='lat' dir='ltr'>bonum,</span> <span class='ocrx_word' id='word_1_44' title='bbox 1364 1318 1432 1401; x_wconf 86' lang='lat' dir='ltr'>nisr</span> <span class='ocrx_word' id='word_1_45' title='bbox 1453 1316 1583 1401; x_wconf 91' lang='lat' dir='ltr'>hone-</span> 
     </span>
     <span class='ocr_line' id='line_1_8' title="bbox 177 1426 1580 1545; baseline 0 -28"><span class='ocrx_word' id='word_1_46' title='bbox 177 1435 308 1537; x_wconf 78' lang='lat' dir='ltr'>sturn,</span> <span class='ocrx_word' id='word_1_47' title='bbox 326 1452 371 1516; x_wconf 89' lang='lat' dir='ltr'>ut</span> <span class='ocrx_word' id='word_1_48' title='bbox 389 1426 531 1515; x_wconf 86' lang='lat' dir='ltr'><strong>Stoici:</strong></span> <span class='ocrx_word' id='word_1_49' title='bbox 554 1428 664 1516; x_wconf 89' lang='lat' dir='ltr'>Nihil</span> <span class='ocrx_word' id='word_1_50' title='bbox 720 1460 871 1537; x_wconf 87' lang='lat' dir='ltr'>onum,</span> <span class='ocrx_word' id='word_1_51' title='bbox 899 1431 968 1519; x_wconf 82' lang='lat' dir='ltr'>oili</span> <span class='ocrx_word' id='word_1_52' title='bbox 986 1429 1259 1545; x_wconf 84' lang='lat' dir='ltr'>voluptatem,</span> <span class='ocrx_word' id='word_1_53' title='bbox 1284 1452 1329 1516; x_wconf 92' lang='lat' dir='ltr'>ut</span> <span class='ocrx_word' id='word_1_54' title='bbox 1359 1435 1580 1544; x_wconf 83' lang='lat' dir='ltr'>Epicurus:</span> 
     </span>
     <span class='ocr_line' id='line_1_9' title="bbox 181 1542 1581 1660; baseline -0.002 -26"><span class='ocrx_word' id='word_1_55' title='bbox 181 1544 291 1634; x_wconf 92' lang='lat' dir='ltr'>Nihil</span> <span class='ocrx_word' id='word_1_56' title='bbox 310 1542 489 1650; x_wconf 87' lang='lat' dir='ltr'>bonum,</span> <span class='ocrx_word' id='word_1_57' title='bbox 526 1546 595 1631; x_wconf 88' lang='lat' dir='ltr'>nisr</span> <span class='ocrx_word' id='word_1_58' title='bbox 619 1546 1049 1650; x_wconf 83' lang='lat' dir='ltr'>vacuitatemdolorr&#39;s,</span> <span class='ocrx_word' id='word_1_59' title='bbox 1065 1567 1122 1631; x_wconf 89' lang='lat' dir='ltr'>-ut</span> <span class='ocrx_word' id='word_1_60' title='bbox 1145 1546 1440 1660; x_wconf 87' lang='lat' dir='ltr'>Hieronymus:</span> <span class='ocrx_word' id='word_1_61' title='bbox 1473 1543 1581 1633; x_wconf 90' lang='lat' dir='ltr'>Nihil</span> 
     </span>
     <span class='ocr_line' id='line_1_10' title="bbox 120 1657 1583 1775; baseline -0.001 -29"><span class='ocrx_word' id='word_1_62' title='bbox 120 1658 123 1662; x_wconf 69' lang='grc'>’</span> <span class='ocrx_word' id='word_1_63' title='bbox 174 1660 360 1767; x_wconf 81' lang='lat' dir='ltr'>bonnm,</span> <span class='ocrx_word' id='word_1_64' title='bbox 377 1661 446 1745; x_wconf 86' lang='lat' dir='ltr'>nisr</span> <span class='ocrx_word' id='word_1_65' title='bbox 470 1683 613 1762; x_wconf 79' lang='lat' dir='ltr'>natura</span> <span class='ocrx_word' id='word_1_66' title='bbox 634 1664 768 1775; x_wconf 88' lang='lat' dir='ltr'>primis</span> <span class='ocrx_word' id='word_1_67' title='bbox 794 1658 910 1749; x_wconf 89' lang='lat' dir='ltr'>bonis</span> <span class='ocrx_word' id='word_1_68' title='bbox 923 1685 991 1749; x_wconf 90' lang='lat' dir='ltr'>aut</span> <span class='ocrx_word' id='word_1_69' title='bbox 1005 1660 1194 1747; x_wconf 90' lang='lat' dir='ltr'>omnibus</span> <span class='ocrx_word' id='word_1_70' title='bbox 1215 1684 1282 1747; x_wconf 89' lang='lat' dir='ltr'>aut</span> <span class='ocrx_word' id='word_1_71' title='bbox 1302 1657 1583 1765; x_wconf 75' lang='lat' dir='ltr'>masinissroi,</span> 
     </span>
     <span class='ocr_line' id='line_1_11' title="bbox 182 1773 1583 1891; baseline -0.001 -26"><span class='ocrx_word' id='word_1_72' title='bbox 182 1803 228 1865; x_wconf 93' lang='lat' dir='ltr'>ut</span> <span class='ocrx_word' id='word_1_73' title='bbox 251 1775 474 1865; x_wconf 77' lang='lat' dir='ltr'>Cametdes</span> <span class='ocrx_word' id='word_1_74' title='bbox 493 1799 630 1863; x_wconf 82' lang='lat' dir='ltr'>contra</span> <span class='ocrx_word' id='word_1_75' title='bbox 649 1776 806 1867; x_wconf 83' lang='lat' dir='ltr'>Stoicos</span> <span class='ocrx_word' id='word_1_76' title='bbox 823 1773 1036 1864; x_wconf 83' lang='lat' dir='ltr'>disserebat.</span> <span class='ocrx_word' id='word_1_77' title='bbox 1065 1782 1164 1863; x_wconf 81' lang='lat' dir='ltr'>Hac</span> <span class='ocrx_word' id='word_1_78' title='bbox 1185 1781 1303 1891; x_wconf 82' lang='lat' dir='ltr'>igitur</span> <span class='ocrx_word' id='word_1_79' title='bbox 1326 1775 1520 1891; x_wconf 85' lang='lat' dir='ltr'>srmplicia.</span> <span class='ocrx_word' id='word_1_80' title='bbox 1535 1776 1583 1863; x_wconf 85' lang='lat' dir='ltr'>ll-</span> 
     </span>
     <span class='ocr_line' id='line_1_12' title="bbox 179 1888 1582 2007; baseline -0.001 -28"><span class='ocrx_word' id='word_1_81' title='bbox 179 1893 218 1980; x_wconf 85' lang='lat' dir='ltr'>la</span> <span class='ocrx_word' id='word_1_82' title='bbox 241 1900 370 1979; x_wconf 81' lang='lat' dir='ltr'>mixta.</span> <span class='ocrx_word' id='word_1_83' title='bbox 399 1888 491 1978; x_wconf 89' lang='lat' dir='ltr'>Tria</span> <span class='ocrx_word' id='word_1_84' title='bbox 513 1919 659 2007; x_wconf 81' lang='lat' dir='ltr'>genera</span> <span class='ocrx_word' id='word_1_85' title='bbox 680 1890 909 1998; x_wconf 85' lang='lat' dir='ltr'>bonorum,</span> <span class='ocrx_word' id='word_1_86' title='bbox 931 1898 1100 1985; x_wconf 83' lang='lat' dir='ltr'>maxima</span> <span class='ocrx_word' id='word_1_87' title='bbox 1122 1892 1269 1998; x_wconf 85' lang='lat' dir='ltr'>animi,</span> <span class='ocrx_word' id='word_1_88' title='bbox 1292 1892 1459 1980; x_wconf 87' lang='lat' dir='ltr'>secunda</span> <span class='ocrx_word' id='word_1_89' title='bbox 1490 1919 1582 1980; x_wconf 89' lang='lat' dir='ltr'>cor-</span> 
     </span>
     <span class='ocr_line' id='line_1_13' title="bbox 181 2006 1580 2124; baseline -0.004 -27"><span class='ocrx_word' id='word_1_90' title='bbox 181 2006 313 2124; x_wconf 86' lang='lat' dir='ltr'>poris,</span> <span class='ocrx_word' id='word_1_91' title='bbox 330 2031 487 2094; x_wconf 82' lang='lat' dir='ltr'>externa</span> <span class='ocrx_word' id='word_1_92' title='bbox 513 2011 655 2112; x_wconf 81' lang='lat' dir='ltr'>tertia,</span> <span class='ocrx_word' id='word_1_93' title='bbox 674 2032 719 2096; x_wconf 88' lang='lat' dir='ltr'>ut</span> <span class='ocrx_word' id='word_1_94' title='bbox 739 2013 1004 2123; x_wconf 72' lang='lat' dir='ltr'>Peripatetici:</span> <span class='ocrx_word' id='word_1_95' title='bbox 1028 2008 1246 2094; x_wconf 83' lang='lat' dir='ltr'>necmulto</span> <span class='ocrx_word' id='word_1_96' title='bbox 1261 2032 1412 2095; x_wconf 87' lang='lat' dir='ltr'>veteres</span> <span class='ocrx_word' id='word_1_97' title='bbox 1427 2006 1580 2095; x_wconf 74' lang='lat' dir='ltr'>Acade-</span> 
     </span>
     <span class='ocr_line' id='line_1_14' title="bbox 180 2119 1582 2236; baseline -0.004 -25"><span class='ocrx_word' id='word_1_98' title='bbox 180 2127 274 2211; x_wconf 82' lang='lat' dir='ltr'>mici</span> <span class='ocrx_word' id='word_1_99' title='bbox 294 2124 413 2210; x_wconf 86' lang='lat' dir='ltr'>secus.</span> <span class='ocrx_word' id='word_1_100' title='bbox 440 2122 692 2236; x_wconf 82' lang='lat' dir='ltr'>Voluptatem</span> <span class='ocrx_word' id='word_1_101' title='bbox 717 2151 810 2209; x_wconf 81' lang='lat' dir='ltr'>cunr</span> <span class='ocrx_word' id='word_1_102' title='bbox 835 2125 1033 2211; x_wconf 85' lang='lat' dir='ltr'>honestate</span> <span class='ocrx_word' id='word_1_103' title='bbox 1056 2124 1071 2161; x_wconf 83' lang='lat'><strong>¹</strong></span> <span class='ocrx_word' id='word_1_104' title='bbox 1099 2125 1371 2209; x_wconf 82' lang='lat' dir='ltr'>Dinomachus</span> <span class='ocrx_word' id='word_1_105' title='bbox 1400 2119 1582 2208; x_wconf 84' lang='lat' dir='ltr'>&amp;Calli-</span> 
     </span>
     <span class='ocr_line' id='line_1_15' title="bbox 180 2234 1581 2354; baseline 0 -29"><span class='ocrx_word' id='word_1_106' title='bbox 180 2241 269 2352; x_wconf 88' lang='lat' dir='ltr'>pho</span> <span class='ocrx_word' id='word_1_107' title='bbox 287 2236 498 2354; x_wconf 80' lang='lat' dir='ltr'>copulavit.</span> <span class='ocrx_word' id='word_1_108' title='bbox 526 2235 783 2325; x_wconf 83' lang='lat' dir='ltr'>indolentiam</span> <span class='ocrx_word' id='word_1_109' title='bbox 810 2262 942 2325; x_wconf 87' lang='lat' dir='ltr'>autem</span> <span class='ocrx_word' id='word_1_110' title='bbox 964 2236 1155 2325; x_wconf 88' lang='lat' dir='ltr'>honellati</span> <span class='ocrx_word' id='word_1_111' title='bbox 1177 2241 1452 2352; x_wconf 80' lang='lat' dir='ltr'>Peripateticus</span> <span class='ocrx_word' id='word_1_112' title='bbox 1475 2234 1581 2325; x_wconf 62' lang='lat' dir='ltr'>Dio.</span> 
     </span>
     <span class='ocr_line' id='line_1_16' title="bbox 177 2344 1581 2467; baseline -0.001 -29"><span class='ocrx_word' id='word_1_113' title='bbox 177 2353 306 2440; x_wconf 90' lang='lat' dir='ltr'>dorus</span> <span class='ocrx_word' id='word_1_114' title='bbox 337 2351 525 2465; x_wconf 73' lang='lat' dir='ltr'>adiunxit.</span> <span class='ocrx_word' id='word_1_115' title='bbox 554 2356 627 2437; x_wconf 79' lang='lat' dir='ltr'>Hoe</span> <span class='ocrx_word' id='word_1_116' title='bbox 645 2350 731 2438; x_wconf 92' lang='lat' dir='ltr'>sunt</span> <span class='ocrx_word' id='word_1_117' title='bbox 752 2352 970 2458; x_wconf 52' lang='lat' dir='ltr'>sententim</span> <span class='ocrx_word' id='word_1_118' title='bbox 995 2381 1083 2467; x_wconf 85' lang='lat' dir='ltr'>qua:</span> <span class='ocrx_word' id='word_1_119' title='bbox 1096 2344 1327 2441; x_wconf 70' lang='lat' dir='ltr'>bstabilitatis</span> <span class='ocrx_word' id='word_1_120' title='bbox 1348 2350 1494 2467; x_wconf 85' lang='lat' dir='ltr'>aliquid</span> <span class='ocrx_word' id='word_1_121' title='bbox 1509 2352 1581 2437; x_wconf 80' lang='lat' dir='ltr'>ha-</span> 
     </span>
     <span class='ocr_line' id='line_1_17' title="bbox 177 2465 1581 2581; baseline 0.001 -30"><span class='ocrx_word' id='word_1_122' title='bbox 177 2466 325 2554; x_wconf 87' lang='lat' dir='ltr'>beant:</span> <span class='ocrx_word' id='word_1_123' title='bbox 348 2495 439 2556; x_wconf 89' lang='lat' dir='ltr'>nam</span> <span class='ocrx_word' id='word_1_124' title='bbox 460 2465 669 2572; x_wconf 85' lang='lat' dir='ltr'>Aristonis,</span> <span class='ocrx_word' id='word_1_125' title='bbox 689 2469 927 2581; x_wconf 84' lang='lat' dir='ltr'>Pyrrhonis,</span> <span class='ocrx_word' id='word_1_126' title='bbox 940 2466 1094 2571; x_wconf 88' lang='lat' dir='ltr'>Herilli,</span> <span class='ocrx_word' id='word_1_127' title='bbox 1111 2466 1581 2581; x_wconf 64' lang='lat' dir='ltr'>nonnulornmquealoa</span> 
     </span>
     <span class='ocr_line' id='line_1_18' title="bbox 178 2604 1233 2671; baseline -0.012 -2"><span class='ocrx_word' id='word_1_128' title='bbox 178 2610 269 2671; x_wconf 86' lang='lat' dir='ltr'>rum</span> <span class='ocrx_word' id='word_1_129' title='bbox 289 2604 541 2668; x_wconf 83' lang='lat' dir='ltr'>evanuerunt.</span> <span class='ocrx_word' id='word_1_130' title='bbox 1230 2636 1233 2643; x_wconf 85' lang='lat'>.</span> 
     </span>
    </p>

    <p class='ocr_par' dir='ltr' id='par_1_4' title="bbox 166 2693 1582 3962">
     <span class='ocr_line' id='line_1_19' title="bbox 239 2693 1579 2809; baseline -0.001 -27"><span class='ocrx_word' id='word_1_131' title='bbox 239 2700 295 2783; x_wconf 88' lang='lat' dir='ltr'>Hi</span> <span class='ocrx_word' id='word_1_132' title='bbox 320 2693 420 2809; x_wconf 91' lang='lat' dir='ltr'>quid</span> <span class='ocrx_word' id='word_1_133' title='bbox 441 2696 584 2809; x_wconf 86' lang='lat' dir='ltr'>polsrnt</span> <span class='ocrx_word' id='word_1_134' title='bbox 606 2695 785 2785; x_wconf 89' lang='lat' dir='ltr'>obtinere</span> <span class='ocrx_word' id='word_1_135' title='bbox 805 2697 1029 2803; x_wconf 88' lang='lat' dir='ltr'>videamus,</span> <span class='ocrx_word' id='word_1_136' title='bbox 1049 2699 1198 2785; x_wconf 77' lang='lat' dir='ltr'>omilin</span> <span class='ocrx_word' id='word_1_137' title='bbox 1217 2700 1382 2784; x_wconf 87' lang='lat' dir='ltr'>Stoicis:</span> <span class='ocrx_word' id='word_1_138' title='bbox 1406 2722 1579 2809; x_wconf 89' lang='lat' dir='ltr'>quorum</span> 
     </span>
     <span class='ocr_line' id='line_1_20' title="bbox 180 2808 1579 2925; baseline -0.001 -26"><span class='ocrx_word' id='word_1_139' title='bbox 180 2812 266 2899; x_wconf 71' lang='lat' dir='ltr'>heis</span> <span class='ocrx_word' id='word_1_140' title='bbox 290 2808 429 2896; x_wconf 89' lang='lat' dir='ltr'>videor</span> <span class='ocrx_word' id='word_1_141' title='bbox 455 2809 669 2897; x_wconf 85' lang='lat' dir='ltr'>desendiffe</span> <span class='ocrx_word' id='word_1_142' title='bbox 694 2813 928 2902; x_wconf 86' lang='lat' dir='ltr'>sententiam.</span> <span class='ocrx_word' id='word_1_143' title='bbox 965 2819 1014 2899; x_wconf 88' lang='lat' dir='ltr'>Et</span> <span class='ocrx_word' id='word_1_144' title='bbox 1038 2817 1385 2925; x_wconf 86' lang='lat' dir='ltr'>Peripateticorum</span> <span class='ocrx_word' id='word_1_145' title='bbox 1414 2809 1579 2925; x_wconf 89' lang='lat' dir='ltr'>quidem</span> 
     </span>
     <span class='ocr_line' id='line_1_21' title="bbox 180 2924 1580 3043; baseline -0.003 -28"><span class='ocrx_word' id='word_1_146' title='bbox 180 2926 372 3039; x_wconf 81' lang='lat' dir='ltr'>explicata</span> <span class='ocrx_word' id='word_1_147' title='bbox 393 2924 503 3011; x_wconf 75' lang='lat' dir='ltr'>cauh</span> <span class='ocrx_word' id='word_1_148' title='bbox 524 2926 607 3015; x_wconf 86' lang='lat' dir='ltr'>est:</span> <span class='ocrx_word' id='word_1_149' title='bbox 634 2952 772 3041; x_wconf 82' lang='lat' dir='ltr'>prater</span> <span class='ocrx_word' id='word_1_150' title='bbox 791 2931 1136 3043; x_wconf 86' lang='lat' dir='ltr'>Theophrastum,</span> <span class='ocrx_word' id='word_1_151' title='bbox 1158 2929 1223 3033; x_wconf 78' lang='lat' dir='ltr'>u,</span> <span class='ocrx_word' id='word_1_152' title='bbox 1244 2928 1273 3010; x_wconf 87' lang='lat' dir='ltr'>sr</span> <span class='ocrx_word' id='word_1_153' title='bbox 1295 2927 1366 3041; x_wconf 93' lang='lat' dir='ltr'>qui</span> <span class='ocrx_word' id='word_1_154' title='bbox 1388 2926 1493 3011; x_wconf 83' lang='lat' dir='ltr'>illrrrn</span> <span class='ocrx_word' id='word_1_155' title='bbox 1523 2928 1580 3011; x_wconf 87' lang='lat' dir='ltr'>se-</span> 
     </span>
     <span class='ocr_line' id='line_1_22' title="bbox 179 3036 1579 3155; baseline -0.005 -22"><span class='ocrx_word' id='word_1_156' title='bbox 179 3042 262 3133; x_wconf 86' lang='lat' dir='ltr'>cuti</span> <span class='ocrx_word' id='word_1_157' title='bbox 275 3106 289 3148; x_wconf 87' lang='lat'>,</span> <span class='ocrx_word' id='word_1_158' title='bbox 303 3036 529 3127; x_wconf 77' lang='lat' dir='ltr'>imbecillius</span> <span class='ocrx_word' id='word_1_159' title='bbox 546 3043 705 3129; x_wconf 86' lang='lat' dir='ltr'>horrent</span> <span class='ocrx_word' id='word_1_160' title='bbox 727 3043 969 3131; x_wconf 75' lang='lat' dir='ltr'>dolorem&amp;</span> <span class='ocrx_word' id='word_1_161' title='bbox 988 3041 1252 3131; x_wconf 86' lang='lat' dir='ltr'>reformidant.</span> <span class='ocrx_word' id='word_1_162' title='bbox 1282 3041 1461 3155; x_wconf 89' lang='lat' dir='ltr'>Reliquis</span> <span class='ocrx_word' id='word_1_163' title='bbox 1489 3046 1579 3155; x_wconf 90' lang='lat' dir='ltr'>qui-</span> 
     </span>
     <span class='ocr_line' id='line_1_23' title="bbox 179 3155 1582 3273; baseline -0.005 -26"><span class='ocrx_word' id='word_1_164' title='bbox 179 3160 278 3247; x_wconf 89' lang='lat' dir='ltr'>dem</span> <span class='ocrx_word' id='word_1_165' title='bbox 300 3156 387 3243; x_wconf 88' lang='lat' dir='ltr'>licet</span> <span class='ocrx_word' id='word_1_166' title='bbox 409 3156 536 3241; x_wconf 88' lang='lat' dir='ltr'>saoere</span> <span class='ocrx_word' id='word_1_167' title='bbox 561 3155 605 3242; x_wconf 92' lang='lat' dir='ltr'>id</span> <span class='ocrx_word' id='word_1_168' title='bbox 630 3157 745 3272; x_wconf 92' lang='lat' dir='ltr'>quod</span> <span class='ocrx_word' id='word_1_169' title='bbox 769 3157 850 3245; x_wconf 75' lang='lat' dir='ltr'>fere</span> <span class='ocrx_word' id='word_1_170' title='bbox 876 3155 1049 3263; x_wconf 82' lang='lat' dir='ltr'>faciunt,</span> <span class='ocrx_word' id='word_1_171' title='bbox 1081 3184 1125 3245; x_wconf 92' lang='lat' dir='ltr'>ut</span> <span class='ocrx_word' id='word_1_172' title='bbox 1156 3162 1386 3273; x_wconf 85' lang='lat' dir='ltr'>gravitatem</span> <span class='ocrx_word' id='word_1_173' title='bbox 1411 3156 1582 3271; x_wconf 78' lang='lat' dir='ltr'>dignita-</span> 
     </span>
     <span class='ocr_line' id='line_1_24' title="bbox 178 3271 1580 3400; baseline -0.006 -39"><span class='ocrx_word' id='word_1_174' title='bbox 178 3278 261 3361; x_wconf 80' lang='lat' dir='ltr'>te&#39;m</span> <span class='ocrx_word' id='word_1_175' title='bbox 289 3298 340 3357; x_wconf 89' lang='lat' dir='ltr'>ue</span> <span class='ocrx_word' id='word_1_176' title='bbox 363 3275 514 3359; x_wconf 89' lang='lat' dir='ltr'>virtutis</span> <span class='ocrx_word' id='word_1_177' title='bbox 547 3295 790 3387; x_wconf 79' lang='lat' dir='ltr'>exaggerent.</span> <span class='ocrx_word' id='word_1_178' title='bbox 832 3280 966 3400; x_wconf 81' lang='lat' dir='ltr'>Qum</span> <span class='ocrx_word' id='word_1_179' title='bbox 988 3277 1083 3359; x_wconf 78' lang='lat' dir='ltr'>ciam</span> <span class='ocrx_word' id='word_1_180' title='bbox 1109 3272 1160 3358; x_wconf 86' lang='lat' dir='ltr'>ad</span> <span class='ocrx_word' id='word_1_181' title='bbox 1180 3271 1314 3361; x_wconf 81' lang='lat' dir='ltr'>calum</span> <span class='ocrx_word' id='word_1_182' title='bbox 1352 3271 1580 3376; x_wconf 85' lang='lat' dir='ltr'>extulerint,-</span> 
     </span>
     <span class='ocr_line' id='line_1_25' title="bbox 181 3298 1580 3504; baseline -0.003 -29"><span class='ocrx_word' id='word_1_183' title='bbox 181 3298 298 3504; x_wconf 71' lang='lat' dir='ltr'>quoi</span> <span class='ocrx_word' id='word_1_184' title='bbox 322 3388 449 3473; x_wconf 83' lang='lat' dir='ltr'>facere</span> <span class='ocrx_word' id='word_1_185' title='bbox 469 3387 699 3502; x_wconf 89' lang='lat' dir='ltr'>eloquentes</span> <span class='ocrx_word' id='word_1_186' title='bbox 711 3388 891 3475; x_wconf 89' lang='lat' dir='ltr'>homines</span> <span class='ocrx_word' id='word_1_187' title='bbox 912 3390 1078 3502; x_wconf 77' lang='lat' dir='ltr'>copiose</span> <span class='ocrx_word' id='word_1_188' title='bbox 1093 3386 1234 3475; x_wconf 88' lang='lat' dir='ltr'>solent:</span> <span class='ocrx_word' id='word_1_189' title='bbox 1257 3386 1402 3501; x_wconf 88' lang='lat' dir='ltr'>reliqua</span> <span class='ocrx_word' id='word_1_190' title='bbox 1424 3414 1473 3471; x_wconf 88' lang='lat' dir='ltr'>ex</span> <span class='ocrx_word' id='word_1_191' title='bbox 1493 3385 1580 3474; x_wconf 84' lang='lat' dir='ltr'>col-</span> 
     </span>
     <span class='ocr_line' id='line_1_26' title="bbox 178 3502 1580 3618; baseline -0.002 -28"><span class='ocrx_word' id='word_1_192' title='bbox 178 3505 323 3590; x_wconf 86' lang='lat' dir='ltr'>latione</span> <span class='ocrx_word' id='word_1_193' title='bbox 341 3502 451 3587; x_wconf 84' lang='lat' dir='ltr'>facile</span> <span class='ocrx_word' id='word_1_194' title='bbox 476 3503 530 3587; x_wconf 85' lang='lat' dir='ltr'>est</span> <span class='ocrx_word' id='word_1_195' title='bbox 549 3526 779 3608; x_wconf 87' lang='lat' dir='ltr'>conterere,</span> <span class='ocrx_word' id='word_1_196' title='bbox 799 3527 920 3618; x_wconf 88' lang='lat' dir='ltr'>atque</span> <span class='ocrx_word' id='word_1_197' title='bbox 942 3524 1208 3591; x_wconf 88' lang='lat' dir='ltr'>contemnere.</span> <span class='ocrx_word' id='word_1_198' title='bbox 1250 3506 1339 3587; x_wconf 88' lang='lat' dir='ltr'>Nec</span> <span class='ocrx_word' id='word_1_199' title='bbox 1357 3502 1463 3587; x_wconf 90' lang='lat' dir='ltr'>enim</span> <span class='ocrx_word' id='word_1_200' title='bbox 1491 3502 1580 3589; x_wconf 84' lang='lat' dir='ltr'>licet</span> 
     </span>
     <span class='ocr_line' id='line_1_27' title="bbox 176 3615 1578 3733; baseline -0.002 -27"><span class='ocrx_word' id='word_1_201' title='bbox 176 3620 226 3706; x_wconf 89' lang='lat' dir='ltr'>iis</span> <span class='ocrx_word' id='word_1_202' title='bbox 238 3684 252 3725; x_wconf 90' lang='lat'>‚</span> <span class='ocrx_word' id='word_1_203' title='bbox 302 3621 343 3705; x_wconf 92' lang='lat' dir='ltr'>ui</span> <span class='ocrx_word' id='word_1_204' title='bbox 367 3616 526 3705; x_wconf 92' lang='lat' dir='ltr'>laudem</span> <span class='ocrx_word' id='word_1_205' title='bbox 546 3647 640 3705; x_wconf 90' lang='lat' dir='ltr'>cnm</span> <span class='ocrx_word' id='word_1_206' title='bbox 663 3617 803 3706; x_wconf 92' lang='lat' dir='ltr'>dolore</span> <span class='ocrx_word' id='word_1_207' title='bbox 827 3619 1037 3733; x_wconf 88' lang='lat' dir='ltr'>petendam</span> <span class='ocrx_word' id='word_1_208' title='bbox 1047 3618 1123 3702; x_wconf 88' lang='lat' dir='ltr'>else</span> <span class='ocrx_word' id='word_1_209' title='bbox 1145 3615 1307 3720; x_wconf 89' lang='lat' dir='ltr'>dicunt,</span> <span class='ocrx_word' id='word_1_210' title='bbox 1327 3643 1578 3731; x_wconf 81' lang='lat' dir='ltr'>negare,eos</span> 
     </span>
     <span class='ocr_line' id='line_1_28' title="bbox 177 3732 1580 3933; baseline -0.001 -114"><span class='ocrx_word' id='word_1_211' title='bbox 177 3737 256 3820; x_wconf 85' lang='lat' dir='ltr'>esse</span> <span class='ocrx_word' id='word_1_212' title='bbox 356 3757 441 3838; x_wconf 89' lang='lat' dir='ltr'>tos,</span> <span class='ocrx_word' id='word_1_213' title='bbox 467 3736 539 3847; x_wconf 92' lang='lat' dir='ltr'>qui</span> <span class='ocrx_word' id='word_1_214' title='bbox 554 3732 654 3821; x_wconf 83' lang='lat' dir='ltr'>illam</span> <span class='ocrx_word' id='word_1_215' title='bbox 678 3732 812 3848; x_wconf 88' lang='lat' dir='ltr'>adepti</span> <span class='ocrx_word' id='word_1_216' title='bbox 834 3732 930 3821; x_wconf 82' lang='lat' dir='ltr'>surn.</span> <span class='ocrx_word' id='word_1_217' title='bbox 959 3740 1202 3933; x_wconf 86' lang='lat' dir='ltr'>Quanquam</span> <span class='ocrx_word' id='word_1_218' title='bbox 1216 3734 1320 3817; x_wconf 89' lang='lat' dir='ltr'>enim</span> <span class='ocrx_word' id='word_1_219' title='bbox 1338 3733 1463 3817; x_wconf 89' lang='lat' dir='ltr'>srntin</span> <span class='ocrx_word' id='word_1_220' title='bbox 1487 3736 1580 3846; x_wconf 91' lang='lat' dir='ltr'>qui-</span> 
     </span>
     <span class='ocr_line' id='line_1_29' title="bbox 166 3846 1560 3962; baseline 0.004 -31"><span class='ocrx_word' id='word_1_221' title='bbox 166 3846 344 3951; x_wconf 78' lang='lat' dir='ltr'>¹busdam</span> <span class='ocrx_word' id='word_1_222' title='bbox 362 3846 494 3935; x_wconf 85' lang='lat' dir='ltr'>malis:</span> <span class='ocrx_word' id='word_1_223' title='bbox 519 3869 654 3936; x_wconf 87' lang='lat' dir='ltr'>tamen</span> <span class='ocrx_word' id='word_1_224' title='bbox 682 3850 764 3937; x_wconf 91' lang='lat' dir='ltr'>hoc</span> <span class='ocrx_word' id='word_1_225' title='bbox 788 3876 938 3937; x_wconf 86' lang='lat' dir='ltr'>nomen</span> <span class='ocrx_word' id='word_1_226' title='bbox 957 3848 1060 3935; x_wconf 84' lang='lat' dir='ltr'>beati</span> <span class='ocrx_word' id='word_1_227' title='bbox 1101 3848 1267 3962; x_wconf 71' lang='lat' dir='ltr'>ongi&amp;</span> <span class='ocrx_word' id='word_1_228' title='bbox 1293 3846 1365 3933; x_wconf 69' lang='lat' dir='ltr'>lati</span> <span class='ocrx_word' id='word_1_229' title='bbox 1390 3866 1507 3959; x_wconf 87' lang='lat' dir='ltr'>patet.</span> <span class='ocrx_word' id='word_1_230' title='bbox 1556 3932 1560 3937; x_wconf 86' lang='lat'>.</span> 
     </span>
    </p>

    <p class='ocr_par' dir='ltr' id='par_1_5' title="bbox 176 3960 1690 4661">
     <span class='ocr_line' id='line_1_30' title="bbox 236 3960 1690 4095; baseline -0.005 -44"><span class='ocrx_word' id='word_1_231' title='bbox 236 3964 349 4051; x_wconf 90' lang='lat' dir='ltr'>Nam</span> <span class='ocrx_word' id='word_1_232' title='bbox 370 3987 424 4049; x_wconf 86' lang='lat' dir='ltr'>ut·</span> <span class='ocrx_word' id='word_1_233' title='bbox 437 3964 654 4077; x_wconf 84' lang='lat' dir='ltr'>quaestuosa</span> <span class='ocrx_word' id='word_1_234' title='bbox 676 3984 915 4070; x_wconf 83' lang='lat' dir='ltr'>mercatura,</span> <span class='ocrx_word' id='word_1_235' title='bbox 939 3964 1139 4052; x_wconf 66' lang='lat' dir='ltr'>srusruosa</span> <span class='ocrx_word' id='word_1_236' title='bbox 1156 3965 1279 4049; x_wconf 89' lang='lat' dir='ltr'>aratio</span> <span class='ocrx_word' id='word_1_237' title='bbox 1305 3960 1468 4065; x_wconf 89' lang='lat' dir='ltr'>dicitur,</span> <span class='ocrx_word' id='word_1_238' title='bbox 1494 3984 1648 4095; x_wconf 61' lang='lat' dir='ltr'>non-¹·</span> <span class='ocrx_word' id='word_1_239' title='bbox 1688 4010 1690 4017; x_wconf 68' lang='lat'><em>,</em></span> 
     </span>
     <span class='ocr_line' id='line_1_31' title="bbox 176 4044 1613 4192; baseline -0.004 -27"><span class='ocrx_word' id='word_1_240' title='bbox 176 4080 341 4167; x_wconf 81' lang='lat' dir='ltr'>sraltera</span> <span class='ocrx_word' id='word_1_241' title='bbox 360 4080 508 4192; x_wconf 86' lang='lat' dir='ltr'>semper</span> <span class='ocrx_word' id='word_1_242' title='bbox 529 4086 641 4167; x_wconf 86' lang='lat' dir='ltr'>omni</span> <span class='ocrx_word' id='word_1_243' title='bbox 666 4080 840 4188; x_wconf 83' lang='lat' dir='ltr'>damno,</span> <span class='ocrx_word' id='word_1_244' title='bbox 864 4079 980 4167; x_wconf 88' lang='lat' dir='ltr'>altera</span> <span class='ocrx_word' id='word_1_245' title='bbox 1007 4083 1135 4166; x_wconf 88' lang='lat' dir='ltr'>omnis</span> <span class='ocrx_word' id='word_1_246' title='bbox 1164 4076 1397 4189; x_wconf 85' lang='lat' dir='ltr'>tempestatis</span> <span class='ocrx_word' id='word_1_247' title='bbox 1424 4044 1613 4161; x_wconf 82' lang='lat' dir='ltr'>calami-3</span> 
     </span>
     <span class='ocr_line' id='line_1_32' title="bbox 177 4192 1580 4312; baseline -0.006 -28"><span class='ocrx_word' id='word_1_248' title='bbox 177 4217 257 4284; x_wconf 89' lang='lat' dir='ltr'>tate</span> <span class='ocrx_word' id='word_1_249' title='bbox 274 4196 422 4309; x_wconf 83' lang='lat' dir='ltr'>semper</span> <span class='ocrx_word' id='word_1_250' title='bbox 448 4219 580 4303; x_wconf 86' lang='lat' dir='ltr'>vacet,</span> <span class='ocrx_word' id='word_1_251' title='bbox 599 4196 665 4282; x_wconf 91' lang='lat' dir='ltr'>sed</span> <span class='ocrx_word' id='word_1_252' title='bbox 687 4197 716 4281; x_wconf 85' lang='lat' dir='ltr'>h</span> <span class='ocrx_word' id='word_1_253' title='bbox 742 4196 869 4284; x_wconf 87' lang='lat' dir='ltr'>multo</span> <span class='ocrx_word' id='word_1_254' title='bbox 896 4197 1041 4312; x_wconf 81' lang='lat' dir='ltr'>nnjore</span> <span class='ocrx_word' id='word_1_255' title='bbox 1062 4221 1112 4279; x_wconf 82' lang='lat' dir='ltr'>cx</span> <span class='ocrx_word' id='word_1_256' title='bbox 1135 4216 1242 4309; x_wconf 83' lang='lat' dir='ltr'>parte</span> <span class='ocrx_word' id='word_1_257' title='bbox 1262 4192 1383 4277; x_wconf 88' lang='lat' dir='ltr'>exstat</span> <span class='ocrx_word' id='word_1_258' title='bbox 1407 4194 1449 4276; x_wconf 90' lang='lat' dir='ltr'>in</span> <span class='ocrx_word' id='word_1_259' title='bbox 1470 4193 1580 4275; x_wconf 73' lang='lat' dir='ltr'>utri-</span> 
     </span>
     <span class='ocr_line' id='line_1_33' title="bbox 176 4302 1654 4427; baseline -0.004 -31"><span class='ocrx_word' id='word_1_260' title='bbox 176 4339 260 4427; x_wconf 88' lang='lat' dir='ltr'>que</span> <span class='ocrx_word' id='word_1_261' title='bbox 285 4311 469 4399; x_wconf 84' lang='lat' dir='ltr'>felicitas:</span> <span class='ocrx_word' id='word_1_262' title='bbox 496 4311 549 4398; x_wconf 90' lang='lat' dir='ltr'>src</span> <span class='ocrx_word' id='word_1_263' title='bbox 570 4316 673 4421; x_wconf 88' lang='lat' dir='ltr'>vita,</span> <span class='ocrx_word' id='word_1_264' title='bbox 695 4342 780 4400; x_wconf 90' lang='lat' dir='ltr'>non</span> <span class='ocrx_word' id='word_1_265' title='bbox 805 4312 930 4401; x_wconf 79' lang='lat' dir='ltr'>solum</span> <span class='ocrx_word' id='word_1_266' title='bbox 956 4307 1186 4425; x_wconf 86' lang='lat' dir='ltr'>siundique</span> <span class='ocrx_word' id='word_1_267' title='bbox 1202 4308 1339 4393; x_wconf 85' lang='lat' dir='ltr'>referta</span> <span class='ocrx_word' id='word_1_268' title='bbox 1363 4302 1479 4391; x_wconf 89' lang='lat' dir='ltr'>bonis</span> <span class='ocrx_word' id='word_1_269' title='bbox 1499 4304 1583 4407; x_wconf 70' lang='lat' dir='ltr'>est„</span> <span class='ocrx_word' id='word_1_270' title='bbox 1650 4358 1654 4365; x_wconf 91' lang='lat'><em>·</em></span> 
     </span>
     <span class='ocr_line' id='line_1_34' title="bbox 176 4414 1586 4544; baseline -0.007 -33"><span class='ocrx_word' id='word_1_271' title='bbox 176 4426 245 4514; x_wconf 86' lang='lat' dir='ltr'>sed</span> <span class='ocrx_word' id='word_1_272' title='bbox 269 4427 297 4511; x_wconf 89' lang='lat' dir='ltr'>sr</span> <span class='ocrx_word' id='word_1_273' title='bbox 317 4426 442 4513; x_wconf 85' lang='lat' dir='ltr'>nnrlto</span> <span class='ocrx_word' id='word_1_274' title='bbox 461 4428 610 4535; x_wconf 83' lang='lat' dir='ltr'>majore</span> <span class='ocrx_word' id='word_1_275' title='bbox 631 4428 865 4543; x_wconf 83' lang='lat' dir='ltr'>&amp;graviore</span> <span class='ocrx_word' id='word_1_276' title='bbox 886 4456 936 4515; x_wconf 89' lang='lat' dir='ltr'>ex</span> <span class='ocrx_word' id='word_1_277' title='bbox 955 4449 1063 4544; x_wconf 86' lang='lat' dir='ltr'>parte</span> <span class='ocrx_word' id='word_1_278' title='bbox 1075 4425 1182 4515; x_wconf 88' lang='lat' dir='ltr'>bona</span> <span class='ocrx_word' id='word_1_279' title='bbox 1197 4419 1446 4539; x_wconf 88' lang='lat' dir='ltr'>propendent</span> <span class='ocrx_word' id='word_1_280' title='bbox 1458 4483 1471 4524; x_wconf 88' lang='lat'>‚</span> <span class='ocrx_word' id='word_1_281' title='bbox 1485 4414 1586 4502; x_wconf 87' lang='lat' dir='ltr'>bea-·</span> 
     </span>
     <span class='ocr_line' id='line_1_35' title="bbox 177 4530 1578 4661; baseline -0.01 -31"><span class='ocrx_word' id='word_1_282' title='bbox 177 4566 220 4630; x_wconf 83' lang='lat' dir='ltr'>ta</span> <span class='ocrx_word' id='word_1_283' title='bbox 245 4546 347 4631; x_wconf 69' lang='lat' dir='ltr'>reue</span> <span class='ocrx_word' id='word_1_284' title='bbox 379 4540 460 4628; x_wconf 91' lang='lat' dir='ltr'>dici</span> <span class='ocrx_word' id='word_1_285' title='bbox 488 4542 632 4657; x_wconf 77' lang='lat' dir='ltr'>potest</span> <span class='ocrx_word' id='word_1_286' title='bbox 677 4552 869 4659; x_wconf 85' lang='lat' dir='ltr'>Sequetur</span> <span class='ocrx_word' id='word_1_287' title='bbox 891 4544 1012 4660; x_wconf 82' lang='lat' dir='ltr'>igitur</span> <span class='ocrx_word' id='word_1_288' title='bbox 1025 4606 1051 4648; x_wconf 89' lang='lat'>,-</span> <span class='ocrx_word' id='word_1_289' title='bbox 1077 4545 1222 4629; x_wconf 88' lang='lat' dir='ltr'>horum</span> <span class='ocrx_word' id='word_1_290' title='bbox 1247 4538 1397 4627; x_wconf 87' lang='lat' dir='ltr'>ratione</span> <span class='ocrx_word' id='word_1_291' title='bbox 1410 4532 1506 4642; x_wconf 79' lang='lat' dir='ltr'>,uel</span> <span class='ocrx_word' id='word_1_292' title='bbox 1526 4530 1578 4661; x_wconf 74' lang='lat' dir='ltr'>ad</span> 
     </span>
    </p>

    <p class='ocr_par' dir='ltr' id='par_1_6' title="bbox 298 4648 1577 4774">
     <span class='ocr_line' id='line_1_36' title="bbox 298 4648 1577 4774; baseline -0.009 -29"><span class='ocrx_word' id='word_1_293' title='bbox 298 4656 409 4774; x_wconf 72' lang='lat' dir='ltr'>Tora.</span> <span class='ocrx_word' id='word_1_294' title='bbox 441 4656 511 4753; x_wconf 85' lang='lat' dir='ltr'>II.</span> <span class='ocrx_word' id='word_1_295' title='bbox 998 4664 1086 4774; x_wconf 88' lang='lat' dir='ltr'>Pp</span> <span class='ocrx_word' id='word_1_296' title='bbox 1114 4689 1143 4773; x_wconf 90' lang='lat' dir='ltr'>p</span> <span class='ocrx_word' id='word_1_297' title='bbox 1429 4648 1577 4767; x_wconf 88' lang='lat' dir='ltr'>supplr-</span> 
     </span>
    </p>
   </div>
   <div class='ocr_carea' id='block_1_3' title="bbox 174 4808 1597 4951">
    <p class='ocr_par' dir='ltr' id='par_1_7' title="bbox 174 4808 1597 4951">
     <span class='ocr_line' id='line_1_37' title="bbox 174 4808 1597 4951; baseline -0.001 -30"><span class='ocrx_word' id='word_1_298' title='bbox 174 4808 659 4951; x_wconf 52' lang='lat' dir='ltr'>&#39;amatamsoamcm</span> <span class='ocrx_word' id='word_1_299' title='bbox 866 4819 929 4869; x_wconf 62' lang='lat'>³¹</span> <span class='ocrx_word' id='word_1_300' title='bbox 1024 4834 1421 4937; x_wconf 58' lang='lat' dir='ltr'>suasanus·</span> <span class='ocrx_word' id='word_1_301' title='bbox 1497 4856 1511 4865; x_wconf 90' lang='lat'>··</span> <span class='ocrx_word' id='word_1_302' title='bbox 1583 4874 1597 4889; x_wconf 94' lang='lat'><strong>·</strong></span> 
     </span>
    </p>
   </div>
   <div class='ocr_carea' id='block_1_4' title="bbox 1597 1222 1675 1349">
    <p class='ocr_par' dir='ltr' id='par_1_8' title="bbox 1597 1222 1675 1349">
     <span class='ocr_line' id='line_1_38' title="bbox 1597 1222 1675 1349; baseline 0 -22"><span class='ocrx_word' id='word_1_303' title='bbox 1597 1222 1655 1349; x_wconf 67' lang='lat'>§5</span> <span class='ocrx_word' id='word_1_304' title='bbox 1673 1324 1675 1327; x_wconf 82' lang='grc'><strong>,</strong></span> 
     </span>
    </p>
   </div>
   <div class='ocr_carea' id='block_1_5' title="bbox 0 0 2134 5592">
    <p class='ocr_par' dir='ltr' id='par_1_9' title="bbox 0 0 2134 5592">
     <span class='ocr_line' id='line_1_39' title="bbox 0 0 2134 5592; baseline 0 1"><span class='ocrx_word' id='word_1_305' title='bbox 0 0 2134 5592; x_wconf 95' lang='lat' dir='ltr'> </span> 
     </span>
    </p>
   </div>
  </div>
 </body>
</html>
