4259 5592
563 488 641 591 §²⁸
815 474 925 563 DE
981 470 1374 566 NATURA
1429 466 1835 571 DEORUM

556 663 719 779 gistrum
740 658 920 751 habuisse·
941 658 1100 747 nullum
1116 660 1258 863 ,3⁰⁶1
1283 661 1323 747 dt
1341 690 1427 749 non
1446 660 1672 777 predicanti
1693 681 1825 753 tamen
1847 664 1963 755 faciti

559 779 723 895 quidem
747 778 969 872 crederem:
998 778 1095 864 sicut
1194 772 1378 866 iaedificii
1396 775 1568 867 domino
1590 778 1793 895 glorianti,
1826 781 1864 867 se
1898 812 1957 867 ar-

558 894 772 989 chitecium
783 924 875 986 non
894 892 1081 983 habuisse.
1108 892 1217 979 Nihil
1240 895 1345 979 enim
1366 892 1447 981 olet
1464 920 1514 979 eii
1542 894 1777 999 Academia,
1796 894 1895 982 nihil
1913 923 1959 983 ei

557 1013 720 1125 Lyceo,
745 1008 840 1103 nihil
851 1010 938 1103 nee
957 1003 1169 1122 puerilibus
1190 1006 1354 1123 quidem
1364 1004 1582 1125 disciplinis.
1610 1015 1878 1099 Xenocratem
1890 1040 1959 1096 au-

556 1120 641 1215 dire
659 1124 810 1238 potuit:
866 1150 958 1217 uem
983 1126 1112 1217 vitun
1124 1186 1139 1231 ,
1161 1122 1219 1210 dii
1248 1122 1506 1213 immortales!
1534 1125 1575 1213 dr
1607 1124 1695 1215 sunt
1725 1126 1795 1239 qui
1817 1148 1959 1239 putent

553 1238 747 1335 audivisse
764 1273 775 1335 t
796 1156 874 1354 ipis
894 1236 1085 1334 nonvult.
1112 1236 1253 1333 Credo
1271 1238 1359 1354 plus
1378 1236 1536 1323 nemini
1564 1239 1812 1354 Pamphilum
1826 1269 1957 1353 quen-

557 1350 675 1459 dam,
701 1354 871 1449 Platonis
886 1353 1132 1458 auditorem,
1147 1359 1200 1442 ait
1222 1357 1245 1447 i
1268 1355 1306 1439 se
1327 1352 1630 1441 Saniauditum.
1658 1351 1715 1442 lbi
1736 1353 1957 1444 enimado·

555 1466 696 1559 lescens
717 1467 912 1559 habitabat
932 1496 1025 1563 euni
1048 1469 1210 1583 patre&
1232 1465 1436 1574 fratribus,
1455 1466 1569 1585 quod
1589 1471 1630 1555 in
1648 1496 1735 1557 eain
1750 1492 1861 1585 patet
1879 1473 1956 1585 ejus

556 1586 727 1685 Neocles
741 1589 916 1701 ,agripeta
941 1606 1122 1669 venerat:
1144 1583 1238 1689 sed,
1258 1588 1354 1675 cdiii
1373 1582 1517 1699 agellus
1547 1610 1640 1670 eum
1662 1582 1853 1673 nonsatis
1877 1586 1955 1672 ale·

556 1723 642 1804 ret,
668 1720 712 1789 ut
737 1701 883 1815 opinor
895 1763 908 1806 ,
929 1698 1190 1815 ludimagister
1212 1700 1298 1786 fuit.
1327 1698 1404 1786 Sed
1430 1700 1537 1785 hunc
1558 1698 1856 1787 ”Platonicum
1879 1707 1954 1787 mi-

555 1812 662 1903 rifice
691 1820 907 1912 contemnit
930 1818 1149 1930 Epicurus:
1176 1818 1228 1899 ita
1251 1814 1415 1919 metuit,
1437 1840 1487 1897 ne
1519 1811 1619 1928 quid
1647 1843 1824 1931 unquam
1849 1814 1954 1903 didi-

554 1930 645 2030 cisse
669 1929 857 2023 videatur.
888 1936 929 2017 ln
957 1930 1204 2043 Nausiphane
1227 1929 1482 2017 Democriteo
1508 1950 1683 2017 tenetur:
1709 1957 1828 2046 quem
1855 1936 1956 2018 etim

553 2046 577 2145 i
603 2047 639 2129 se
659 2075 743 2133 non
768 2070 884 2163 neget
906 2044 1239 2149 auditiun,veiiar
1253 2042 1580 2135 tamen-omnibus
1594 2044 1848 2131 contumeliis.
1875 2051 1950 2132 At·

554 2161 668 2273 quisi
685 2163 766 2247 haec
786 2165 1036 2249 Democritea
1055 2189 1140 2245 non
1160 2160 1348 2266 audisset,
1379 2157 1478 2275 quid
1497 2158 1700 2245 audierat?
1720 2157 1898 2286 Qideil
1910 2162 1953 2247 in

552 2274 720 2391 physicis
743 2274 898 2390 Epicuri
922 2305 1007 2363 non
1033 2278 1057 2363 i
1081 2277 1355 2362 Democrito?
1372 2280 1479 2362 Nam
1498 2276 1563 2359 etsi
1576 2273 1757 2391 quiedam
1767 2302 1952 2362 commu·

550 2394 677 2497 tavit,
711 2414 789 2496 ut,
813 2390 928 2507 quod
955 2390 1076 2508 paulo
1106 2390 1195 2476 ante
1222 2388 1276 2474 de
1306 2390 1557 2478 inclinatione
1584 2411 1813 2499 atomorum
1842 2388 1950 2491 dixi:

551 2525 682 2599 raineri
702 2504 884 2621 pleraque
901 2502 998 2605 dicit
1022 2502 1187 2604 eadem:
1207 2529 1380 2613 atomos,
1398 2511 1536 2612 inane,
1557 2506 1769 2620 imagines,
1782 2504 1950 2591 infinita-

552 2642 632 2721 tem
655 2620 865 2727 locorum,
891 2619 1362 2736 innumerabilitatemque
1383 2618 1655 2727 mundorum,
1672 2644 1947 2726 commertiis,

552 2736 750 2841 interitus,
774 2736 1036 2841 omniafere,
1061 2734 1207 2851 quibus
1233 2761 1377 2834 naturae
1397 2742 1494 2825 ratio
1510 2741 1747 2830 continetur.

610 2857 731 2950 Nune
751 2852 854 2952 istud
879 2851 986 2967 quast
1005 2879 1153 2965 corpus
1177 2852 1218 2942 bt
1241 2852 1348 2968 quasi
1367 2850 1618 2969 sanguinem,
1661 2851 1732 2938 iiid
1750 2848 1946 2965 intelligis?

551 2970 639 3080 ligo
658 2965 765 3057 enim
789 2966 881 3065 scire
902 2990 941 3060 te
964 2970 1029 3067 isla
1054 2965 1221 3070 melius,
1249 2970 1370 3080 quini
1393 2969 1482 3073 me,
1512 2995 1598 3055 non
1632 2882 1759 3057 breor
1793 2966 1950 3069 solum,

551 3080 617 3187 sed
639 3084 755 3169 etiam
775 3080 883 3177 facile
904 3084 1043 3195 patior.
1072 3075 1183 3177 Cirm
1207 3080 1369 3196 quidem
1386 3081 1496 3168 fetuel
1519 3080 1625 3173 dicia
1648 3082 1760 3186 sunt,
1776 3079 1948 3195 quidest,

551 3194 667 3309 quod
687 3193 852 3293 Velleius
875 3194 1083 3311 intellige&
1106 3198 1249 3311 poffit,
1270 3198 1394 3283 Cotta
1416 3226 1502 3284 non
1523 3196 1670 3315 possit?
1697 3202 1833 3310 ltaque
1860 3224 1949 3281 cor·

551 3337 627 3425 pus
656 3310 755 3425 quid
774 3312 840 3417 sit,
860 3311 1012 3427 sanguis
1037 3308 1137 3426 quid
1157 3313 1231 3416 ht,
1257 3310 1449 3426 intelligo:
1482 3312 1591 3428 quast
1605 3339 1777 3426 corpus,
1792 3310 1833 3395 ὃ(
1850 3339 1947 3425 quii·

550 3422 782 3539 si'sanguis‚
806 3425 903 3541 quid
928 3426 994 3532 sit,
1013 3424 1121 3529 nullo
1142 3425 1297 3542 prorsus
1310 3426 1438 3521 modo
1452 3425 1637 3541 intelligo.
1666 3432 1811 3538 Neque
1826 3449 1946 3512 tuine

483 3562 486 3573 '
551 3537 680 3645 celas,
703 3566 748 3628 ut
769 3544 1010 3659 Pythagoras
1033 3539 1176 3644 solebat
1195 3542 1365 3641 alienos:
1389 3570 1460 3641 nec
1488 3540 1665 3641 consulib
1691 3537 1789 3629 dicis
1811 3540 1947 3627 occul-

551 3658 616 3875 ii,
642 3677 829 3857 taiiqpam
850 3655 1090 3757 Heraclitus:
1113 3656 1178 3757 sed
1206 3655 1358 3782 (quod
1380 3660 1573 3755 internos
1592 3654 1713 3767 licet)
1732 3658 1948 3771 neruqui·

581 3798 643 3855 ein
663 3798 746 3878 inre,
807 3777 848 3871 is.

477 3946 536 3968 ...
610 3882 702 3993 illud
730 3892 769 3977 vi
800 3916 850 3985 eo
874 3912 1050 4003 pugnare
1072 3909 1135 3993 te,
1163 3888 1305 4003 species
1320 3910 1365 3978 ut
1386 3884 1566 4004 quadam
1581 3890 1626 3975 sit
1645 3886 1841 3994 deorum,
1859 3914 1944 4001 qua
2088 3915 2089 3998 3

481 3986 534 4067 ²7
554 3998 646 4098 nihil
668 4006 841 4109 concreti
865 4003 1027 4114 habeat,
1046 4002 1139 4105 nihil
1168 4002 1304 4109 solidi,
1324 4003 1418 4089 nihil
1440 4004 1623 4116 expressi,
1649 4000 1743 4091 nihil
1768 4008 1946 4088 eminen-

344 4208 348 4217 .
553 4116 628 4218 tis,
649 4122 772 4231 sitque
795 4146 917 4233 pura,
937 4119 1055 4226 levis,
1072 4116 1295 4231 ,perlucida
1335 4122 1524 4215 Dicemus
1544 4145 1643 4234 ergo
1663 4117 1801 4222 idem,
1830 4114 1945 4232 quod

473 4306 481 4313 .
551 4234 592 4332 ¹iii
615 4236 763 4335 Venere
786 4240 896 4321 Con:
920 4263 1064 4347 corpus
1089 4233 1183 4326 illud
1203 4263 1288 4322 non
1313 4238 1390 4339 est,
1412 4232 1478 4320 sed
1500 4234 1618 4320 simile
1650 4238 1841 4349 corpori:
1873 4258 1944 4321 nec
2087 4297 2088 4304 a

549 4346 610 4443 ille
633 4346 736 4434 susus
758 4348 797 4434 8(
823 4349 994 4435 candore
1013 4353 1156 4434 riiiiirus
1178 4350 1301 4436 rubor
1321 4351 1471 4465 hinguis
1483 4352 1564 4456 cst,
1584 4348 1649 4435 sed
1668 4349 1854 4465 quaedam
1866 4351 1945 4434 fan-

550 4463 680 4581 guinis
700 4462 933 4554 similitudo:
956 4464 1064 4551 sicin
1090 4464 1284 4580 Epicureo
1297 4464 1377 4551 deo
1397 4496 1483 4561 non
1496 4492 1578 4573 res,
1601 4464 1666 4551 sed
1680 4462 1944 4560 siuillitudines

1815 4606 1940 4667 rerum

551 4918 618 4965 nnn
638 4900 789 4991 Epicurus]
813 4890 860 4973 Sed
873 4898 942 4977 hisi
967 4894 1152 4981 &jesum
1172 4895 1224 4975 bi·
