4259 5592
486 376 1306 529 rrrrsrtr'rr'nrruss
1493 450 1584 552 ..617'
1715 389 1719 397 ’

187 649 239 711 ne
262 623 452 719 elevatur:
476 646 578 727 nec,
599 620 638 712 ,sr
658 617 700 706 id
718 617 885 711 facerem
908 625 951 711 in
976 623 1096 715 causis
1123 618 1339 710 forensibus
1346 660 1366 727 ,·
1388 620 1494 707 idem
1522 622 1581 709 sa-

189 766 319 827 cerem
339 740 381 826 in
401 739 475 823 hac
500 732 700 827 subtilitate
718 736 913 829 semronis.
941 745 1029 831 cur
1051 764 1281 829 constetne
1309 730 1440 823 autem
1460 736 1580 825 altero

191 852 338 957 oculo,
361 850 472 937 causa
496 880 581 944 non
603 852 722 952 elset3
751 854 968 943 cumidem
983 849 1147 941 obtutus
1174 855 1265 941 esset
1285 851 1516 957 amborum,
1541 852 1581 938 dt

190 964 429 1055 cumrerum
448 988 610 1071 natura,
665 993 757 1051 uam
781 991 825 1054 tu
844 969 1052 1085 sapientem
1070 970 1146 1054 else
1165 964 1344 1073 vis‚duo
1366 966 1511 1054 lumina
1528 964 1578 1051 ab

188 1086 321 1168 animo
340 1079 391 1165 ad
410 1078 551 1173 oculos
573 996 767 1195 perdurata
785 1110 860 1167 nos
878 1081 1020 1170 habere
1049 1080 1242 1169 voluisset.
1272 1079 1348 1168 Sed
1371 1086 1464 1194 quia
1493 1102 1578 1167 nou

188 1191 438 1297 confidebas,
458 1214 539 1279 tam
558 1196 635 1281 esse
657 1192 700 1278 id
720 1194 989 1308 perspicuum,
1008 1200 1129 1311 quam
1153 1218 1196 1281 tu
1226 1194 1345 1296 velis3
1373 1216 1579 1309 propterea

188 1309 319 1397 multis
340 1315 576 1425 argumentis
598 1310 698 1397 deos
726 1312 803 1395 effe
825 1310 971 1401 docere
991 1310 1153 1399 voluisti.
1184 1313 1283 1398 Mihi
1302 1315 1413 1397 enim
1451 1338 1578 1397 unum

188 1424 271 1512 satis
283 1450 375 1529 erat,
387 1430 438 1510 ita
453 1424 570 1511 nobis
584 1425 747 1535 majores
764 1427 919 1513 nostros
938 1423 1144 1515 tradidisse.
1174 1425 1251 1511 Sed
1270 1449 1314 1513 ru
1333 1424 1578 1513 austeritates
1598 1424 1603 1433 ’

188 1539 436 1642 contemno,
458 1544 607 1626 ratione
626 1569 789 1653 pugnas.
817 1546 951 1627 Patere
969 1546 1108 1656 igitur,
1128 1539 1317 1627 rationem
1338 1566 1467 1625 meam
1486 1568 1580 1624 cum

188 1679 257 1743 tua
285 1657 432 1740 ratione
458 1652 707 1740 contendere.
737 1656 874 1765 ‘Affers
901 1656 983 1743 hac
1010 1660 1145 1742 omnia
1163 1650 1416 1769 argumenta,
1435 1680 1505 1741 cur
1524 1652 1580 1739 dii

187 1772 279 1856 sint:
303 1771 464 1879 remque
491 1765 578 1853 mei
599 1764 778 1855 sententis
795 1768 954 1857 minime
979 1769 1142 1855 dubiam
1153 1832 1167 1875 ,
1181 1769 1490 1883 argumentando
1500 1767 1579 1851 du-

188 1884 295 1971 biam
315 1880 418 1967 sacis.
452 1880 635 1975 mandavi
660 1884 764 1966 enim
785 1887 981 1971 memoria
1007 1910 1093 1971 non·
1118 1911 1323 1971 numerum
1343 1882 1492 1987 lulum,
1513 1881 1579 1971 sed

187 2003 305 2087 etiam
322 1996 504 2082 ordinem
519 2018 838 2110 argumentorum
859 2021 1031 2089 tuorum.
1561 2076 1565 2083 .

246 2113 420 2207 Primum
438 2110 535 2215 suit,
553 2116 649 2197 ctlm
668 2110 803 2197 calum
822 2110 1135 2224 suspexissemus,
1155 2113 1278 2199 llatim
1298 2142 1372 2200 nos
1392 2113 1580 2227 intellige-

187 2258 232 2319 re
251 2229 327 2313 else
351 2224 513 2339 aliquod
533 2252 705 2329 numen,
724 2253 809 2336 quo
830 2228 912 2311 hec
931 2250 1121 2343 regantur.
1151 2232 1211 2313 Ex
1229 2227 1309 2313 hoc
1328 2226 1421 2314 illud
1436 2232 1581 2333 etiam,

369 2340 526 2453 Adspice
551 2342 613 2422 hoc
625 2340 792 2444 sublime
813 2338 1103 2459 candens,quem
1120 2343 1294 2425 introcant
1305 2371 1429 2429 omnes
1443 2344 1581 2439 Jowm.

182 2460 310 2582 Qasr
327 2462 422 2543 veri)
443 2454 651 2569 quisquam
661 2456 839 2541 nostrum
858 2460 970 2547 istum
989 2460 1147 2571 potiris,
1169 2460 1289 2572 quam
1307 2454 1581 2571 Capitolinum

182 2585 325 2699 lovem
339 2569 524 2686 appellet:
545 2591 612 2655 aut
631 2572 712 2656 hoc
727 2571 974 2684 perspicutun
988 2573 1052 2677 srt,
1072 2572 1409 2683 constetqueinter
1428 2596 1583 2674 omnes,

182 2719 262 2778 eos
283 2688 359 2772 else
379 2686 501 2789 deos,
523 2713 626 2799 quos
656 2680 727 2771 tibi
748 2686 941 2793 Velleius,
968 2686 1155 2799 mrrltique
1184 2708 1387 2803 praterea,
1416 2712 1466 2771 ne
1495 2686 1581 2771 ani·

181 2826 338 2894 mantes
360 2799 522 2914 quIdem
541 2800 617 2889 else
634 2800 866 2889 concedant
1399 2814 1401 2819 '
1420 2850 1423 2857 »

249 2924 378 3006 Grave
394 2920 510 3001 etiam
531 2940 802 3028 argumentum
818 2916 888 3001 tibi
908 2914 1135 3021 videbatur5
1158 2911 1278 3029 quod·
1287 2918 1426 3029 opinio
1441 2910 1492 2999 de
1507 2910 1596 2997 diis·

182 3026 531 3124 immortalibus&
551 3035 732 3116 omnium
748 3032 865 3135 esset,
885 3032 924 3116 dt
945 3027 1125 3144 quotidie
1142 3028 1332 3116 cresceret.
1363 3026 1488 3115 Placet
1506 3030 1582 3140 igi·
1623 3027 1626 3045 '

181 3173 255 3236 tut
267 3212 281 3253 ,
298 3168 422 3233 tantas
441 3171 500 3231 res
515 3144 530 3189 ⁷
547 3144 738 3255 opinione
761 3144 967 3233 stultorum
993 3143 1153 3259 judicari
1173 3207 1188 3249 ,
1210 3138 1324 3231 vobis
1346 3142 1581 3254 presertim,

180 3266 262 3380 qui
274 3262 365 3348 illos
390 3260 541 3345 insanos
560 3260 636 3345 else
657 3259 828 3346 dicatis?
1560 3294 1563 3300 ’

249 3384 300 3465 At
318 3379 423 3461 enim
442 3374 642 3487 presentes
667 3373 846 3462 videmus
871 3374 997 3479 deos,
1017 3398 1062 3459 ut
1092 3371 1199 3487 apud
1223 3369 1409 3485 Regillum
1440 3368 1581 3458 Postu·
1597 3366 1660 3405 ’⁴

179 3497 294 3583 mius
307 3495 382 3691 ‚Tin
400 3488 537 3687 salalm
554 3493 765 3595 Votienus,
785 3490 913 3577 nescio
927 3489 1027 3690 qui‘d
1038 3493 1161 3625 ‘etiam
1172 3486 1224 3573 de
1239 3492 1456 3573 Locrorum
1472 3482 1580 3685 arusud
1614 3454 1633 3532 5
1656 3606 1666 3625 Y

335 3635 411 3689 Μ·
499 3667 511 3690 .
992 3635 1006 3690 ι
1035 3635 1050 3690 1
1077 3632 1092 3687 1
1535 3626 1578 3683 a.

173 3851 301 3916 uncinis
317 3851 438 3922 cindlae,
460 3850 609 3933 spongiam
630 3868 782 3913 merentur.
814 3848 874 3927 Ipsa
901 3849 1019 3931 spicuam
1039 3844 1075 3909 ὁ·
1090 3850 1157 3906 iuur
1173 3866 1262 3906 omues
1278 3842 1416 3920 corfino,
1434 3843 1466 3899 de
1490 3862 1519 3901 eo
1533 3838 1582 3921 ipso

171 3932 326 4013 loquendi
339 3933 412 3995 ratio
428 3933 596 4011 imperitum
615 3931 798 3993 fraterculum
814 3930 874 3991 satis
909 3950 964 3990 tam
981 3930 1064 3989 multa
1076 3930 1196 3989 dixeris?
1215 3930 1266 3986 Per
1285 3942 1369 3985 voces
1388 3928 1416 3983 iu
1432 3922 1503 4000 ilum
1518 3936 1583 4012 pag-

175 4016 294 4097 arguit
314 4017 470 4075 Dtvrsrus.
491 4014 585 4075 rarle
604 4013 693 4075 cloelis
709 4010 875 4091 quibusdam
908 4030 959 4070 tem
978 4008 1105 4089 intellige
1113 4010 1163 4087 sur
1189 4030 1216 4067 ce
1228 4006 1354 4087 suin-la,
1373 4002 1402 4063 in
1420 4003 1469 4062 isla
1483 4003 1582 4063 dedus

172 4098 259 4159 viris
279 4096 422 4166 assentior,
443 4094 554 4173 quiilla
569 4096 656 4157 verba
669 4098 827 4177 perspicuam
846 4097 874 4152 in
908 4090 1115 4151 immortalibus
1133 4088 1325 4167 disputatione.
1355 4086 1444 4165 Hujus
1463 4084 1582 4161 loquen-

167 4180 262 4257 r'stam
271 4182 375 4271 'partem
394 4197 431 4237 eu
448 4177 586 4239 hocloco
600 4178 760 4239 amovenda
772 4172 824 4235 esse
835 4192 875 4233 sr-
910 4174 940 4233 di
965 4171 1221 4251 generis‚exempla
1241 4168 1297 4247 peti
1321 4166 1428 4244 possunt
1451 4185 1488 4227 err
1511 4164 1583 4226 uon

168 4260 285 4324 bitrau
304 4257 374 4320 sum.
394 4263 462 4322 Vox
467 4276 515 4341 per
538 4263 626 4319 icuum
649 4257 704 4339 (ut
721 4256 794 4318 inter
808 4253 873 4317 illos
910 4253 1007 4331 steph.
1024 4251 1178 4313 Thesauro.
1198 4253 1354 4311 Psrncrus.

167 4338 318 4419 constat)
337 4360 374 4400 err
398 4259 572 4417 sequendus
600 4340 820 4401 adducebatur:
840 4338 872 4397 &
951 4355 979 4404 7.
1000 4338 1097 4394 Tantas
1122 4354 1164 4392 res
1181 4335 1296 4414 opinione
1303 4328 1444 4423 stultorum
1455 4326 1585 4422 judicari,

171 4423 269 4485 mim
290 4419 408 4500 quidem
440 4419 566 4483 fimilitet
595 4419 724 4481 videntur
748 4438 832 4479 voces
846 4423 876 4479 in
909 4419 985 4477 vobis
1011 4415 1169 4499 presertim,
1186 4418 1232 4507 qui
1255 4412 1311 4474 illos
1330 4412 1432 4488 insanos
1453 4406 1497 4501 esse
1516 4408 1586 4468 dica·

163 4508 266 4585 ssam
288 4520 390 4585 patrem
415 4502 541 4564 addudae
562 4500 615 4562 else
637 4520 674 4563 ex
699 4497 878 4579 precedenti-
909 4504 963 4570 ris]
984 4498 1094 4558 Omnes
1125 4494 1283 4563 hommes,
1305 4508 1400 4569 preter
1431 4487 1585 4569 sapientem

162 4592 255 4654 bus.
277 4585 323 4645 Sic
341 4582 452 4655 velim,
471 4600 503 4645 ut
519 4583 630 4664 legetur
651 4598 710 4643 tota
725 4579 878 4642 sententia:
909 4579 1010 4650 suum,
1029 4578 1127 4639 stultos
1143 4577 1194 4638 esse
1213 4572 1300 4637 Stoici
1311 4574 1517 4670 contendebspt
1531 4591 1540 4637 3
1553 4566 1593 4629 &-

169 4674 247 4730 Dic
266 4669 365 4745 igitm
376 4671 480 4745 inquit,
491 4668 555 4746 quid
565 4664 683 4745 requiras
693 4666 722 4725 iu
738 4662 878 4745 ssempar·
909 4680 1010 4723 eorum
1025 4659 1066 4721 est
1085 4661 1279 4738 paradoxum,
1295 4648 1396 4717 πίπις
1412 4648 1461 4717 tir
1479 4666 1585 4727 aprum

164 4770 252 4811 rem.
278 4749 368 4827 tigrue
387 4748 535 4829 ipim
567 4746 649 4818 llud,
673 4764 737 4817 cur,
756 4746 827 4825 quod
845 4764 878 4803 ue
909 4734 1025 4819 goim}-
1048 4744 1094 4805 De
1115 4760 1151 4806 eo
1165 4738 1229 4805 ride
1246 4736 1419 4803 Ciceronem
1429 4736 1525 4799 rane
1535 4735 1586 4795 lv.

164 4831 384 4914 egerequidera
400 4832 514 4895 eruunt
532 4825 646 4910 deifer,
665 4826 735 4910 quid
750 4824 807 4910 effer
819 4840 877 4908 ptr·
907 4830 1064 4889 Duvrsrus.
