4259 5592
558 451 639 532 43²
852 331 1654 500 Tusscu‘LANARUM

552 604 591 692 se
616 607 657 688 Ρ.
679 598 862 690 Rutilium
880 595 1055 684 ¹⁴‘fiatris
1073 593 1263 710 repulsam
1273 593 1496 700 consulatis
1506 658 1521 702 ‚
1535 594 1718 713 scriptum
1733 593 1845 715 apud
1857 593 1961 686 Fan-

551 723 667 804 nium
687 718 765 803 est:
787 716 853 801 sed
879 739 1011 802 tamen
1030 714 1195 800 ttansrile
1220 709 1376 798 videtur
1399 710 1591 819 modurn,
1620 717 1773 828 quippe
1794 718 1873 829 qui
1904 713 1963 801 ob

549 861 639 919 eam
664 833 816 918 causam
856 837 879 920 a
908 835 988 916 vira
1014 827 1212 918 recellen't.
1254 825 1499 912 Moderatiris
1532 833 1652 944 igitur
1678 829 1775 916 ferte
1802 825 1959 916 debuit

549 944 666 1068 Qrid
685 947 740 1051 sr,
760 953 855 1034 crlrn
875 945 918 1031 id
941 945 1054 1030 ferret
1066 942 1227 1030 modice
1238 1004 1252 1044 ‚
1264 969 1373 1028 mors
1387 940 1600 1030 liberorum
1619 945 1825 1032 aeceliiliet
1841 957 1857 1036 i
1874 950 1960 1032 Na·-

549 1083 590 1148 ta
619 1063 712 1146 elser
735 1059 927 1176 agritudo
947 1088 1076 1161 nova,
1098 1057 1163 1142 sed
1178 1085 1223 1142 ea
1239 1055 1398 1144 modion
1411 1089 1422 1141 r
1437 1087 1581 1174 magna
1599 1083 1729 1146 tamen
1749 1060 1856 1145 faeta
1866 1063 1960 1163 effer

549 1177 724 1264 accell‘ro.
755 1176 894 1298 Qud,
920 1170 1109 1260 srdeinde
1130 1171 1288 1260 dolores
1315 1198 1452 1285 graves
1469 1179 1677 1289 corporis,
1698 1175 1728 1258 sr
1746 1173 1960 1262 bonorum

549 1292 727 1396 amilio,
751 1293 945 1382 ficaecitas
957 1292 1017 1394 ‚sr
1043 1287 1227 1394 exilium,
1248 1288 1277 1370 sr
1296 1316 1371 1400 pro
1394 1287 1550 1403 singulis
1571 1289 1680 1376 malis
1707 1289 1960 1404 egritudines

548 1405 806 1500 accederent?
833 1413 1056 1494 Summaea
1079 1401 1211 1508 lieret,
1236 1402 1693 1518 quaenonlullineretur.
1895 1431 1899 1436 ’

601 1526 697 1640 Qui
725 1521 895 1610 modum
921 1525 1037 1642 igitur
1063 1522 1347 1632 utinquam,
1378 1517 1543 1604 smillrer
1567 1521 1685 1623 facit,
1710 1539 1756 1604 ut
1781 1518 1811 1602 li
1845 1525 1958 1633 polle

544 1659 666 1840 nt
685 1631 1219 1860 nnn

547 1891 615 1955 rus
641 1895 714 1956 nec
731 1861 917 1956 cohibere
937 1869 972 1952 st
990 1864 1140 1978 potest,
1157 1889 1264 1967 nec,
1289 1891 1376 1978 quo
1388 1863 1485 1950 loco
1498 1865 1608 1972 vult,
1629 1865 1796 1950 insistere
1820 1869 1953 1951 omni.

549 2012 609 2073 no
628 2013 638 2069 ε
658 1981 828 2096 quicque
844 1981 1048 2069 crestentia
1073 1981 1287 2092 perniciolir
1308 1981 1420 2082 sunt,
1445 1977 1583 2066 eadem
1605 1982 1692 2066 sunt
1723 1978 1856 2066 viriosa
1878 2005 1955 2064 na-

553 2097 704 2186 scentia.
731 2095 937 2211 AEgritudo
963 2117 1093 2180 autem
1109 2156 1121 2196 ‚
1139 2087 1365 2207 raeterr'eqne
1386 2091 1723 2208 perturbationes,
1741 2091 1951 2207 amplifice-

551 2233 600 2300 re
628 2215 731 2306 certi
764 2211 945 2326 pestifera
964 2212 1059 2296 sunt.
1089 2208 1208 2323 igitur
1225 2211 1342 2294 etiam
1376 2209 1555 2324 lusceptre
1580 2210 1776 2297 continuo
1798 2215 1839 2292 in
1867 2232 1952 2296 ma

552 2355 632 2444 gna
649 2327 765 2445 peliis
790 2349 899 2442 parte
930 2328 1134 2412 versantur.
1163 2325 1314 2408 Etenim
1335 2321 1424 2436 ip&
1440 2327 1477 2408 le
1500 2325 1727 2440 impellunt,
1750 2320 1821 2409 ubi
1840 2323 1949 2411 semel

545 2447 756 2528 aratione
776 2441 978 2528 discellnrn
1012 2438 1087 2525 est:
1117 2441 1288 2550 ipsaque
1314 2437 1384 2524 srbi
1410 2437 1647 2526 imbecillitas
1672 2439 1880 2555 indulget,
1908 2444 1948 2526 itr

545 2555 755 2670 'altitmque
774 2560 1005 2670 provehitur
1031 2551 1284 2665 imprudens,
1308 2577 1382 2637 nec
1403 2560 1544 2669 reperit
1574 2554 1710 2642 locum
1742 2556 1948 2642 eonsrstem

544 2668 607 2764 di.
679 2669 911 2761 uamobrem
937 2669 1031 2756 nihil
1056 2669 1230 2771 interest,
1245 2662 1377 2752 ntrirm
1397 2669 1618 2758 moderatas
1639 2668 1945 2784 perturbationes

550 2676 803 2901 appellent,
821 2817 872 2874 an
898 2785 1139 2874 moderatam
1164 2779 1418 2895 injustitiam,
1449 2783 1691 2872 moderatam
1720 2789 1948 2900 ignaviam,

543 2901 797 2990 moderatam
822 2904 1166 3032 intemperantiam.
1195 2896 1280 3015 Qri
1305 2904 1411 2984 enim
1432 2901 1534 2986 vitiis
1565 2901 1735 2989 modum
1756 2908 1947 3104 apponit,

1840 3019 1948 3104 osum

553 3134 634 3235 est,
658 3148 743 3217 tum
768 3155 819 3220 eo
844 3131 1073 3235 molestius,
1093 3131 1189 3244 quia
1211 3127 1296 3218 lunt
1316 3131 1359 3219 in
1384 3125 1565 3235 lubrico,
1588 3135 1830 3247 inritathue
1844 3133 1949 3218 l'emel

542 3244 731 3365 prodivit
753 3244 955 3354 labuntur,
974 3245 1223 3357 sustinerique
1241 3241 1500 3332 nullomodo
1519 3250 1691 3360 poliunt.
1915 3277 1921 3285 ’

479 3385 550 3492 3·-
615 3359 750 3490 Ouid,
775 3363 888 3479 ‚quod
911 3359 1029 3454 iidem
1057 3362 1298 3472 Peripatetici
1313 3357 1622 3473 perturbationes
1641 3361 1754 3466 illas,
1768 3391 1870 3477 quas
1881 3379 1951 3450 nor
2078 3442 2079 3461 r

511 3438 538 3515 9
556 3476 818 3594 ‚exstirpandas
846 3503 1056 3602 putamus,
1086 3503 1171 3559 non
1205 3472 1334 3560 modo
1365 3473 1554 3562 naturales
1587 3481 1665 3564 elie
1693 3477 1860 3583 dicunt,
1891 3477 1951 3565 sed

544 3596 672 3676 ..etiarn
702 3593 842 3687 utiliter
868 3599 893 3680 ὲ
917 3613 1052 3678 natura
1069 3587 1204 3679 datas?
1229 3595 1418 3713 Qorum
1434 3592 1490 3674 ell
1507 3593 1589 3683 talis
1611 3597 1751 3681 oratio.
1781 3591 1953 3682 Priminn
2077 3690 2078 3707 ,

544 3707 688 3800 vmultis
715 3703 1108 3798 verbisitacundiam
1134 3702 1324 3793 laudante
1349 3727 1482 3800 cotem
1514 3707 1754 3794 fortitudinis
1779 3713 1860 3796 erle
1892 3710 1954 3796 di·
2077 3726 2078 3731 '

557 3841 681 3928 eunt,
704 3824 912 3939 rnultdqne
929 3824 969 3910 δι
987 3822 1028 3906 in
1050 3819 1263 3908 hostem&
1288 3822 1329 3906 in
1343 3816 1571 3936 improbum
1590 3823 1721 3910 civem
1740 3826 1955 3912 veliemen-

560 3941 686 4024 tiores.
698 3943 885 4036 iratorum
909 3938 1080 4060 impetus
1110 3939 1209 4028 effe:
1239 3935 1342 4026 leves
1371 3961 1504 4028 autern
1523 3939 1756 4028 ratiuncnas·
1783 3957 1956 4047 eorum,

1879 4085 1949 4172 ‘lm

546 4315 549 4320 Ι
605 4264 651 4319 ¹⁴·
672 4249 818 4320 nolam]
841 4244 964 4312 ililloria
989 4243 1139 4326 postulat,
1162 4245 1240 4330 ilipl-
1275 4265 1362 4322 quarn
1378 4265 1532 4330 negantem
1555 4247 1781 4330 principia,non
1797 4250 1954 4330 disputabo.

561 4325 646 4396 rum,
666 4326 713 4406 qui
733 4328 829 4390 consul
855 4327 910 4390 fuir
933 4350 1009 4392 anno
1030 4327 1115 4388 Urbir
1130 4344 1240 4392 nnxxr.
1277 4327 1454 4392 Manortus.
1474 4331 1548 4396 Vide
1569 4331 1666 4416 Piglrii
1682 4331 1831 4404 Annales,
1857 4336 1894 4395 ad
1910 4355 1955 4395 an·

561 4425 595 4472 nr
612 4427 686 4486 paret
707 4429 742 4472 ex
765 4409 839 4472 fastis
862 4410 1042 4490 Capitolinis.
1061 4409 1242 4472 Tollendum
1275 4430 1348 4472 num
1367 4413 1455 4475 Urbis
1467 4431 1601 4481 ncxrrnr.

562 4489 641 4560 idern
655 4496 794 4554 mendum
817 4513 852 4553 ex
875 4491 994 4568 Plinio,
1015 4493 1065 4555 lib.
1084 4494 1167 4554 VIII.
1183 4509 1244 4571 rap.
1319 4511 1366 4566 ις.
1384 4499 1476 4574 Quam
1494 4497 1625 4558 lenitam
1646 4517 1695 4556 rros
1713 4496 1844 4567 dicimus,
1867 4495 1956 4577 enini

566 4587 614 4648 36·
635 4573 730 4652 Ipsum
751 4573 838 4636 eriam
855 4572 1029 4638 Ciceronem
1048 4573 1079 4634 in
1092 4573 1182 4638 [alio
1196 4573 1244 4636 tri·
1276 4574 1436 4640 lenunrdirris
1455 4579 1560 4644 nomine
1576 4579 1724 4666 appellant]
1745 4575 1833 4639 Recte
1856 4585 1955 4658 parens
2074 4560 2075 4593 ¹

563 4653 618 4712 bus
639 4651 709 4713 loeis
729 4655 759 4714 in
777 4659 883 4719 eodem
912 4657 1031 4719 nornine
1059 4655 1244 4718 correximus.
1277 4654 1382 4738 linguae
1393 4657 1502 4722 [atina
1517 4661 1606 4734 dixit,
1624 4657 1758 4723 vitiosam
1778 4679 1887 4721 nomeu
1904 4659 1958 4721 effe

562 4732 653 4825 Qudd
674 4733 770 4812 equis
788 4737 939 4806 mendosos
960 4739 1047 4810 etiarn
1059 4756 1138 4818 putat
1157 4737 1244 4816 Capi
1275 4740 1410 4802 lentitudo.
1430 4741 1481 4802 Est
1496 4745 1563 4805 γετὸ
1579 4765 1639 4806 non
1655 4760 1766 4813 annm,
1782 4739 1832 4804 sed
1845 4742 1957 4821 duplex

564 4813 671 4880 tolrrrot
696 4813 780 4880 fallor
799 4839 810 4890 3
828 4839 886 4900 ego
908 4822 1041 4890 adverada
1067 4821 1245 4905 hunniam
1273 4818 1451 4893 leniendus
1472 4845 1574 4908 genua·
1611 4827 1692 4894 Nan
1707 4825 1853 4892 interdum
1871 4827 1958 4968 tipice-0

1931 4927 1958 4966 ιι

553 3016 587 3101 is
615 3040 763 3132 partem
786 3017 937 3134 inscipit
956 3037 1154 3104 vttlol'llm·
1168 3042 1171 3048 ·
1184 3009 1312 3133 Qrod
1335 3019 1430 3102 crim
1457 3013 1581 3130 ipsum
1612 3037 1683 3132 pet
1708 3018 1745 3102 se
