4259 5592
495 462 783 552 arnan
841 460 1273 553 Tanarus
1509 488 1588 583 ⁶4,

200 653 277 737 else
301 650 424 769 polsrt.
453 654 512 737 Ac
536 680 612 736 nos
631 648 796 763 quidem
822 652 936 735 nimis
964 645 1085 737 inulta
1104 649 1156 735 de
1186 674 1227 733 re
1248 650 1483 765 apertissima.
1511 658 1596 742 Te.

201 768 308 853 lamo
331 788 462 851 autern
484 794 570 851 uno
588 767 697 851 versu
724 765 862 852 locum
882 787 1011 852 totum
1036 764 1221 870 conficit,
1248 792 1318 852 cur
1337 767 1393 853 dii
1418 771 1599 857 homines

162 922 165 927 ⁴
285 881 306 964 li
337 903 427 965 ant:
1580 908 1583 915 ’

206 909 286 996 neg
309 912 338 994 g
381 994 489 1189 Narba
501 998 539 1104 fi
554 1019 682 1079 curent
697 996 747 1101 ⁵³,
763 995 854 1076 bene
871 994 975 1077 bonis
991 996 1074 1105 stt,
1097 995 1200 1079 male*
1224 995 1361 1103 malis:
1383 1000 1487 1112 quod
1499 1026 1601 1083 nunc

438 1138 465 1190 a
487 1137 510 1189 e
1444 1160 1448 1167 -

265 1218 471 1308 Debebant
494 1107 547 1308 illi
573 1221 737 1337 quidem
759 1250 897 1308 omnes
925 1220 1057 1310 bonos
1080 1224 1262 1330 efficere,
1287 1229 1315 1311 li
1339 1225 1501 1339 quidem
1517 1232 1602 1315 hoae

206 1338 360 1429 minum
382 1342 512 1453 generi
533 1338 793 1425 consulebant
821 1342 891 1423 Sin
908 1338 951 1423 id
981 1339 1139 1426 nrinlrs:
1167 1336 1281 1426 bonis
1309 1339 1471 1453 quidem
1493 1345 1604 1431 certe

208 1453 404 1541 consulere
429 1451 634 1542 debebant.
662 1458 748 1539 Cur
775 1453 894 1565 igitur
918 1452 1009 1539 duo
1029 1452 1273 1565 Scipiones,
1307 1456 1526 1543 fortissimos
1559 1459 1601 1545 &

208 1572 385 1681 optimos
401 1572 506 1653 viros
513 1579 528 1675 3
548 1572 591 1652 in
611 1566 795 1681 Hispania
826 1572 968 1653 Poenus
987 1570 1195 1680 oppressiti
1217 1574 1303 1656 Cur
1321 1572 1515 1657 Maximus
1526 1598 1602 1656 ex-

206 1682 291 1767 tulit
312 1679 436 1766 filium
460 1680 728 1767 consularem?
751 1686 838 1767 Cur
861 1681 1083 1767 Marcellum
1096 1681 1261 1768 Annibal
1282 1685 1497 1778 interemit?
1512 1692 1603 1771 Cur·

207 1796 388 1881 Paulum·
402 1803 552 1884 Cannae
581 1796 832 1885 sustulerunt?
866 1800 953 1879 Cur
981 1801 1198 1882 Poenorum
1219 1795 1434 1885 crudelitati
1462 1799 1599 1913 Reguli

207 1938 353 2024 corpus
377 1912 431 1995 est
451 1905 688 2025 p'raebitum?⁸
723 1913 810 1994 Cur
838 1907 1064 1994 Africanum
1094 1909 1299 1999 domestici
1328 1918 1491 2025 parietes
1514 1943 1601 1999 non·

206 2028 423 2109 texerunt?
444 2024 520 2109 Sed
548 2027 631 2109 hec
656 2048 816 2124 vetera,
832 2022 872 2105 &
896 2024 967 2107 alia
993 2023 1196 2135 permulta
1239 2026 1429 2139 Propiora
1462 2024 1603 2111 videa-

205 2166 306 2223 mus.
334 2146 424 2225 Cur
446 2139 665 2224 avunculus
685 2164 822 2237 meus,
847 2141 905 2221 vir
923 2136 1280 2242 innocentissimus,
1305 2142 1493 2254 idemque
1519 2138 1604 2225 do-
1664 2164 1674 2172 ·

208 2252 413 2357 Diffimus,
436 2258 479 2337 P.
500 2252 659 2339 Rutilius
672 2252 716 2335 in
738 2250 858 2335 exilio
874 2250 929 2334 est
946 2254 1069 2339 2Cur
1092 2251 1228 2338 sodalis
1254 2282 1364 2340 meus
1377 2252 1605 2353 interseslus

207 2364 320 2450 dorni
336 2364 432 2469 sure,
457 2365 604 2451 Drusus
615 2370 640 2451 Z
654 2372 741 2452 Cur
766 2369 1050 2476 temperantia,
1072 2365 1368 2481 prudentiaque
1380 2367 1573 2482 specimen
1586 2430 1608 2471 ,

191 2503 297 2591 ‚ante
319 2481 564 2565 simulacrum
582 2480 732 2584 Vestae,
755 2480 935 2593 pontifex
954 2485 1147 2565 maximus
1169 2482 1224 2565 est
1245 2483 1495 2597 QSeaevola
1516 2502 1606 2566 tm·-

208 2593 383 2686 cidatus?
409 2599 495 2679 Cur
519 2594 607 2680 ante
631 2595 747 2680 etiam
766 2612 826 2679 tor
845 2593 1007 2678 civitatis
1018 2598 1211 2707 principes
1234 2597 1403 2681 &Cinna
1415 2598 1607 2683 interem-›
1684 2604 1693 2615 ’

151 2760 154 2765 -
208 2713 293 2821 pti?
314 2714 400 2795 Cur
424 2714 608 2793 omnium
628 2706 1018 2822 perfidiofiffimuw,
1037 2713 1086 2793 C.
1113 2713 1282 2811 Marius,
1305 2706 1371 2822 Q
1387 2710 1599 2813 Catulum,

208 2823 500 2928 praestantissima
520 2822 707 2937 dignitate
735 2820 892 2926 virum,
916 2826 1018 2909 mori
1044 2823 1176 2934 potuit
1201 2822 1357 2935 jubere?
1383 2824 1478 2909 Dies
1500 2824 1627 2908 defi:

210 2940 308 3040 eiat,
336 2938 507 3020 stvelim
533 2945 734 3022 numerare
759 2934 903 3049 quibus
924 2936 1041 3022 bonis
1063 2936 1162 3023 male
1192 2940 1391 3021 evenerit:
1419 2966 1493 3023 nec
1524 2945 1606 3024 mi·

208 3048 308 3154 niis,
329 3052 356 3134 sr
380 3077 711 3156 commemorem,
728 3045 873 3164 quibus
894 3049 1081 3162 improbis
1096 3051 1257 3163 optime.
1286 3054 1371 3135 Cur
1392 3052 1495 3137 enim
1512 3059 1605 3138 Ma-

211 3171 289 3251 rius
311 3189 393 3249 tam
422 3164 599 3267 feliciter,
625 3167 830 3276 septimum
851 3165 984 3251 consul
1005 3227 1020 3266 ,
1044 3163 1157 3249 domi
1179 3164 1250 3247 lira
1271 3166 1383 3246 senex
1415 3167 1473 3249 est
1492 3195 1608 3252 mor--

210 3282 337 3364 tuus?
359 3285 445 3365 Cur
466 3283 650 3365 omnium
668 3276 941 3364 crudelilsrmus
966 3301 1044 3363 ram
1070 3275 1141 3363 diir
1160 3280 1289 3360 Cinna
1315 3284 1513 3389 regnavit?
1677 3280 1679 3287 ’

269 3404 320 3478 At
343 3393 452 3479 dedit
478 3423 622 3504 poenas.
651 3392 855 3479 Prohiberi
877 3392 1012 3478 melius
1034 3392 1132 3495 firit,
1157 3388 1440 3504 impedirique,
1463 3420 1513 3476 ne
1540 3414 1601 3479 tot
1620 3413 1681 3435 ··*

211 3508 382 3623 summos
401 3507 507 3593 vitos
529 3504 787 3611 interficeret,
811 3513 935 3620 quam
953 3505 1084 3619 ipsum.
1105 3503 1320 3618 aliquando·
1339 3536 1472 3619 poenas
1499 3505 1602 3593 dare.
1623 3470 1640 3547 3
1651 3466 1676 3545 ἔ

211 3627 381 3708 Summo
401 3621 574 3707 cruciatu
592 3622 862 3735 supplicidque
898 3626 1149 3739 QVarius,
1173 3622 1301 3705 homo
1325 3618 1602 3735 importunilst-

213 3766 325 3839 mus,
348 3736 481 3847 periit:
507 3736 556 3839 sr,
576 3742 670 3848 quia·
687 3736 860 3820 Drusum
878 3735 1006 3839 ferro,
1038 3732 1238 3821 Metellum.
1259 3760 1420 3820 veneno
1446 3736 1610 3821 sustule-
1658 3826 1661 3832 ,

214 3873 298 3950 rat3
321 3850 404 3935 illos
427 3850 640 3936 conservari
662 3849 798 3935 melius
833 3851 906 3934 suit
918 3911 932 3953 ,
965 3851 1090 3959 quam·
1113 3874 1252 3960 poenas
1275 3847 1416 3932 sceleris
1447 3854 1611 3935 Varium

213 3963 397 4077 pendere.
425 3961 831 4077 Duodequadraginta
846 3961 1061 4079 Dionysius
1078 3984 1263 4075 tyrannus
1278 3990 1402 4049 annos
1416 3962 1490 4047 suit
1502 3993 1615 4074 opu-1

216 4080 419 4165 lentilsunae
433 4142 453 4183 ,
474 4080 513 4165 8(
533 4074 747 4165 beatiffmae
770 4077 942 4165 civitatis.
973 4080 1110 4201 Qam
1126 4077 1272 4162 multos.
1288 4076 1317 4120 ⁵⁵
1330 4100 1417 4191 ante
1438 4078 1543 4163 hunc
1564 4083 1614 4275 isn·

852 4198 897 4279 M
925 4218 972 4273 m
994 4220 1038 4273 m
1063 4218 1111 4272 m
1166 4218 1188 4298 3.
1522 4196 1563 4303 ip
1578 4222 1614 4274 oi

219 4431 306 4495 Ennii
316 4432 490 4504 Telamone,
506 4432 558 4493 ubi
579 4434 691 4494 duobus
706 4433 761 4493 illis
786 4430 896 4511 subjun·
929 4428 1116 4514 grammatici.
1148 4432 1338 4489 Anonrmus..

220 4515 311 4597 gitur,
326 4535 397 4591 quos
419 4513 557 4593 descripsit
586 4514 721 4585 Cicero,
745 4516 781 4575 de
800 4514 895 4576 Divina
974 4528 1020 4582 ᾗς.
1038 4510 1130 4593 Qim
1146 4512 1239 4569 multos
1259 4529 1320 4569 ante
1339 4510 1407 4567 liunt
1430 4511 1458 4567 ia
1475 4506 1523 4590 ipfh
1537 4512 1609 4591 Graef'
1690 4556 1697 4567 .

219 4599 258 4658 ΙΙ.
272 4614 316 4668 ςο-.
337 4600 504 4657 Buaunrus.
930 4599 972 4654 cia
983 4594 1050 4671 stote
1087 4589 1260 4671 Pisqirarus]
1284 4588 1402 4649 Athenis
1431 4608 1526 4650 arcem
1548 4587 1609 4647 Pili·

241 4676 310 4749 '54
335 4682 466 4737 Omnium
483 4674 721 4760 peqsdiosfftmus]
754 4673 896 4735 Omnium
930 4676 1026 4735 stratur
1047 4672 1085 4732 dc
1101 4671 1277 4755 tyrannidem
1294 4669 1459 4748 occupavit,
1473 4690 1547 4751 anno
1561 4689 1610 4745 pe,-

220 4756 317 4834 rrtique
344 4758 560 4835 perfidiosorum
589 4754 824 4835 perfidiosissimus.
846 4752 896 4818 Sic
930 4754 1007 4817 riodi
1038 4754 1157 4815 Julianae
1186 4771 1274 4831 4153.
1295 4751 1360 4815 via
1379 4751 1500 4821 exceffir,
1521 4756 1619 4823 41864·

130 4890 142 4899 ..
221 4838 304 4904 enim
321 4840 378 4901 etse
392 4839 567 4908 resolvendas
583 4836 694 4921 phrases
714 4837 776 4900 illas
794 4839 899 4901 docem
931 4836 1050 4919 regiam·
1061 4834 1234 4917 potestatem
1242 4832 1368 4900 obtinuit
1381 4851 1471 4897 annos
1483 4850 1553 4973 νζ
1553 4848 1628 4973 {paq}
