4259 5592
534 425 619 531 4n
851 403 1650 511 roscuunnnnun

538 600 726 694 existimet
746 596 825 685 fine
845 595 952 684 rabie
976 594 1198 713 quidquam
1215 594 1366 683 sortiter
1383 592 1510 683 facere
1529 594 1668 711 poli'ei

596 714 740 831 Quid?
779 712 924 819 Stoici,
949 718 1021 829 qui
1060 740 1199 801 omnes
1221 712 1443 828 insipientes
1467 712 1623 799 insanos
1653 711 1731 801 effe
1764 713 1936 825 dimna,

535 838 671 921 nonne
697 831 767 917 ista
781 829 997 946 colligunt?
1019 833 1193 917 Remove
1223 824 1560 943 perturbationes,
1583 826 1834 945 martineque
1861 835 1937 919 ira·

377 954 382 967 '
535 948 745 1038 cundiam:
769 945 845 1054 hm
868 940 1108 1033 videbuntur
1125 946 1296 1033 monstra
1315 941 1456 1033 dicere.
1484 949 1606 1033 Nunc
1621 966 1753 1033 autem
1782 952 1835 1035 ita
1859 947 1935 1035 dss-
2096 1030 2097 1049 ,

534 1067 687 1169 serunt,
709 1065 761 1150 src
787 1060 1000 1166 sedicete,
1018 1088 1157 1148 omnes
1180 1059 1314 1146 stadios
1325 1057 1508 1164 insanire,
1528 1081 1573 1145 ut
1584 1058 1682 1147 male
1696 1062 1800 1149 olere
1813 1090 1936 1152 omne
2096 1060 2097 1063 ‘

532 1208 707 1268 coentrnr.
734 1185 787 1267 At
816 1208 901 1265 non
919 1178 1077 1292 semper.
1104 1181 1354 1263 Commove:
1373 1176 1518 1264 senties.
1545 1178 1609 1261 Sic
1620 1178 1832 1267 iracundus
1849 1210 1935 1267 non

535 1296 811 1412 stmperiratus
824 1295 891 1381 esi.
919 1292 1103 1393 Lacesse3
1126 1286 1365 1403 jarnvidebis
1384 1290 1587 1377 fiarentem.
1615 1293 1752 1411 Qidi
1769 1296 1934 1385 illabel·

531 1410 644 1499 latrix
665 1408 889 1515 iracundia,
913 1414 1010 1495 cum
1037 1404 1207 1493 domum
1234 1404 1372 1512 rediit,
1409 1404 1533 1521 qualis
1566 1405 1620 1489 est
1650 1417 1933 1500 caunuxorei

532 1554 626 1613 cum
648 1522 802 1618 liberis?
827 1554 921 1611 cum
941 1522 1110 1615 sarniliai
1138 1550 1189 1607 an
1207 1545 1295 1609 tum
1316 1549 1482 1661 quoque
1506 1519 1560 1605 est
1585 1520 1711 1618 utilis?
1733 1526 1797 1611 Est
1814 1531 1931 1645 igitur

530 1640 701 1755 aliquid,
720 1640 836 1757 quod
860 1639 1084 1755 perturbata
1102 1666 1213 1723 mens
1235 1638 1371 1725 melius
1387 1638 1501 1752 possit
1525 1635 1677 1744 facere,
1695 1645 1814 1754 quim
1829 1674 1930 1731 con-

532 1757 662 1851 stans?
681 1764 744 1845 An
763 1756 967 1874 quisquam
994 1754 1123 1870 potest
1142 1754 1219 1839 sme
1240 1752 1534 1869 perturbatione
1554 1761 1694 1843 mentis
1715 1756 1843 1851 irasci?
1856 1764 1930 1846 Be-

530 1902 584 1959 ne
606 1877 725 1989 igitut
748 1870 896 1977 nostri,
923 1875 1021 1957 cum
1039 1873 1175 1955 omnia
1198 1872 1319 1955 essent
1333 1874 1373 1955 in
1397 1866 1546 1957 morbis
1565 1868 1685 1975 vitia,
1702 1873 1816 1988 quod
1838 1874 1930 1961 nul-

528 1986 610 2076 lum
634 2013 715 2075 erat
733 1984 933 2073 iracundis
954 1984 1096 2073 foedius
1110 2048 1125 2091 ,
1140 1984 1350 2073 iracundos
1376 1984 1478 2072 solos
1501 1986 1670 2095 morbosos
1693 1988 1927 2077 nominave-

529 2128 631 2195 runt.

457 2270 509 2351 ²⁵
529 2225 920 2426 missilis
936 2212 1401 2445 dimississem
1418 2214 1615 2427 ,iffi
1633 2216 1923 2422 iiiiii&

527 2452 751 2539 hementials
772 2445 966 2542 dicimus?
986 2444 1107 2562 quid?
1137 2439 1228 2533 cirm
1252 2447 1326 2558 jam
1346 2440 1460 2531 rebus
1476 2446 1666 2535 tranbciis
1690 2450 1731 2535 &
1751 2454 1921 2565 praeteri.

525 2567 576 2654 tis
596 2567 792 2653 orationes
817 2561 1044 2667 scribimus,
1063 2590 1160 2647 num
1184 2561 1269 2648 irati
1288 2556 1519 2649 scribimus?

700 2678 840 2796 Ecquis
866 2680 929 2763 hoc
953 2675 1265 2761 mmadvntit'e
1289 2675 1496 2763 llinrr'to...

521 2826 624 2889 utun
649 2816 717 2882 aut
745 2797 863 2911 egisse
885 2822 1061 2910 unquam
1084 2798 1223 2880 iratum
1253 2790 1461 2907 AEsopum,
1491 2812 1559 2879 aut
1585 2793 1765 2905 scripsrsse
1789 2796 1916 2883 exilii·

523 2940 678 3004 mamus
697 2916 840 3051 iratum
875 2912 1076 3051 Acciumi
1106 2914 1287 3023 Aguntur
1306 2908 1376 2994 ista
1396 2907 1598 3023 preclare,
1630 2910 1747 3047 &ab
1762 2933 1918 3040 oratore·

521 3022 1161 3269 dissimilii
1180 3020 1917 3251 sisnsslilel‘llilsi

520 3286 590 3363 te,
616 3255 727 3368 cujus
760 3255 816 3342 est
841 3252 1040 3348 libidinis?
1074 3250 1376 3343 Themistoclem
1410 3258 1505 3341 mihi
1538 3255 1578 3341 δι
1607 3256 1912 3345 Demosthenem

521 3370 722 3497 profertis:
743 3369 886 3459 additis
907 3373 1198 3487 Pythagoram,
1227 3373 1524 3475 Democritum,
1537 3369 1750 3457 Platonem
1771 3370 1909 3500 Qidi

518 3517 594 3575 vos
615 3485 767 3592 studia,
791 3485 991 3578 libidinem
1004 3491 1178 3577 vocatis?
1205 3514 1292 3600 qua
1311 3484 1372 3569 vel
1393 3486 1629 3599 optimartun
1660 3512 1788 3574 rerum
1811 3549 1825 3593 ,
1866 3509 1914 3573 ut.

518 3630 567 3689 ea
588 3603 701 3740 sunt,
728 3630 816 3801 Ἓξ
835 3600 1042 3803 prpaserp‘pr,
1070 3599 1213 3797 sedatg¹
1213 3623 1344 3687 tamen
1365 3600 1630 3803 &tranppilp
1629 3605 1729 3805 ὥς
1751 3602 1907 3691 debent

516 3724 604 3921 lii
624 3836 647 3918 a·
667 3740 1315 3973 ”summissius
1329 3744 1547 3920 iilia
1562 3740 1666 3920 ‘ina
1683 3744 1908 3923 risis·

688 3946 901 4035 Dummodo
922 3947 1044 4037 doleat
1069 3946 1247 4063 aliquid,
1270 3946 1393 4042 doleat
1414 3950 1515 4065 quod
1528 3948 1644 4035 lubet.

516 4061 629 4156 Dixit
647 4066 754 4149 enim
776 4063 827 4149 de
844 4061 1086 4157 adolescente
1110 4061 1267 4178 perdito
1292 4092 1338 4150 ac
1356 4065 1569 4153 dissoluto:
1597 4094 1671 4151 nos
1692 4086 1824 4149 autem
1854 4062 1905 4150 de

515 4178 707 4276 constanti
726 4178 813 4267 vito
833 4210 881 4265 ac
894 4180 1052 4296 sapienti
1075 4184 1295 4294 querimus.
1324 4185 1370 4267 lit
1381 4179 1544 4298 quidem
1558 4177 1678 4295 ipsam
1692 4178 1793 4265 illam
1810 4186 1905 4267 iram

512 4292 1167 4499 &dissimillimis
1180 4292 1509 4527 liiiillili.
1524 4293 1903 4499 ‘'illidiilll

511 4551 628 4614 motu
655 4474 800 4631 aninii,
822 4525 893 4642 qui
914 4532 972 4614 uti
990 4438 1254 4615 rationieiibii
1267 4528 1419 4642 potest:
1445 4559 1521 4617 nos
1539 4551 1671 4615 autem
1683 4594 1697 4636 ,
1724 4550 1770 4614 ut
1797 4530 1900 4614 telli-

443 4644 612 4750 -ficot
629 4638 752 4770 saepe,
770 4641 822 4728 de
845 4643 881 4729 sa
909 4648 1011 4732 iente
1033 4648 1255 4758 querimus.

442 4768 500 4853 26
566 4761 618 4855 tlt
640 4779 758 4851 enam
785 4786 858 4853 em
896 4758 951 4857 ari
972 4759 1066 4853 utile
1089 4758 1167 4871 est,
1192 4756 1409 4856 obtrectare
1421 4824 1435 4869 ,
1459 4760 1633 4885 misereri
1672 4764 1760 4851 Cur
1788 4756 1898 4843 mise-

747 4895 750 4906 '
1597 4896 1602 4902 '
1795 4900 1899 4961 reate
