4259 5592
389 499 395 507 ’
481 450 1296 579 ,'LIBER',PR„IMU‚S.··
1514 494 1593 577 ,301

203 714 208 722 .
259 640 346 730 Nili
370 664 460 755 quae
483 664 555 723 me
571 637 674 727 sorte
703 638 887 755 tugiunt,
913 640 976 727 hc
995 637 1082 750 sunt
1105 644 1185 732 feri
1204 644 1383 733 omniunt
1399 644 1452 736 de
1466 656 1599 737 animo

202 757 409 845 sententiae.
436 759 711 842 Dem00ritum
730 759 836 841 enim
855 760 1225 883 magnumquidem
1242 760 1347 847 illum
1367 763 1520 871 virum,
1538 756 1603 850 scd

195 873 356 965 levibus
388 868 631 959 &rotundis
657 868 892 985 corpusculis
919 871 1154 961 efficientem
1192 874 1367 963 animun
1406 879 1600 969 concursu

132 1054 138 1061 .
203 986 388 1103 quodam
416 984 607 1090 sommo,
627 987 863 1073 omittamus.
892 985 1001 1074 Nihil
1020 988 1202 1103 est.'enim
1224 990 1334 1105 apud
1346 993 1467 1103 istos',
1489 994 1603 1113 quod

199 1132 291 1189 non
310 1124 537 1190 atomorum
557 1100 670 1187 turba
688 1104 882 1189 conficiat.
922 1109 1075 1189 Harum
1099 1106 1371 1195 sententiarum
1398 1104 1487 1225 quae
1512 1134 1603 1197 vera

200 1218 274 1322 stt,
292 1214 393 1303 deus
417 1215 554 1330 aliquis
580 1216 746 1306 viderit:
772 1246 861 1332 quae
874 1218 1174 1327 ¹verisimillima,
1193 1250 1336 1337 magna
1357 1226 1519 1339 questio
1536 1224 1601 1311 est.

199 1328 344 1424 Utritm
368 1334 488 1445 igitur
522 1334 623 1417 inter
652 1335 721 1420 hat
746 1332 945 1421 sententias
971 1333 1186 1449 dijudicare
1201 1338 1437 1445 malumus,
1470 1368 1521 1425 an
1551 1338 1604 1425 ad
1694 1402 1697 1409 ·

202 1448 454 1563 propositum
474 1445 624 1537 redire?
778 1476 783 1486 ·
997 1500 1004 1511 ·
1198 1459 1204 1469 “

197 1636 206 1649 .
263 1570 495 1650 Auorroa
523 1566 773 1676 Cuperem²²
789 1563 977 1678 equidem
998 1584 1235 1687 utrumque,
1255 1568 1451 1683 stposs'et:
1471 1568 1605 1657 sedest
1627 1590 1687 1703 ἦ·

204 1677 363 1765 difficile
384 1677 641 1764 contundere
671 1684 805 1805 Quare
822 1682 875 1785 st,
900 1704 945 1767 ut
968 1682 1037 1799 illa
1060 1714 1147 1771 non
1174 1684 1427 1795 differantur,
1454 1686 1604 1773 liberati

206 1798 345 1881 mortis
363 1794 725 1908 metupolsumus,
750 1794 794 1879 id
815 1824 986 1912 agamus.
1015 1803 1084 1885 Sin
1099 1799 1150 1886 id
1177 1830 1262 1885 non
1275 1801 1427 1915 potest,
1450 1803 1519 1889 nist
1533 1804 1608 1889 ltac

206 1908 419 2025 questione
442 1916 670 1999 animorum
695 1910 883 2024 explicata
895 1976 909 2018 ,
933 1916 1117 2020 nunc,li
1147 1913 1333 2021 videtur,
1355 1917 1455 2003 hoc:
1485 1915 1608 2115 illud,

401 2064 405 2073 ¹
964 2032 994 2112 P
1018 2039 1056 2141 p‘
1111 2062 1128 2139 3
1168 2036 1171 2043 ’
1517 2032 1613 2119 iae.

205 2264 276 2329 'Aldi
293 2266 432 2345 Nepotis,
450 2267 482 2329 dt
504 2265 644 2346 credoin
669 2264 730 2327 aliis
747 2258 884 2345 plerisque
918 2267 1058 2346 ejecerunt
1078 2287 1089 2335 ;
1108 2263 1155 2327 sed
1177 2285 1245 2327 eum
1272 2266 1340 2329 loco
1363 2267 1469 2329 labanti
1489 2268 1607 2329 medici·

208 2366 274 2408 ante
292 2350 446 2410 Gruterum
462 2347 631 2419 editionibus
645 2348 682 2416 lic
696 2348 823 2423 habeon,
837 2352 884 2409 Sed
918 2351 986 2407 iram
1006 2366 1067 2408 nou
1088 2346 1259 2428 reperirent,
1277 2346 1385 2410 lilentio
1402 2358 1465 2409 tern
1487 2349 1606 2412 diffiniu-

197 2425 241 2505 ‘est
256 2428 356 2520 dffid‘
379 2450 437 2492 non
452 2431 615 2511 unfimdert.
653 2432 735 2501 Hoc,
757 2429 883 2509 opinor,
916 2428 978 2490 lare
991 2431 1147 2508 prudenter
1166 2429 1206 2490 est
1231 2427 1331 2491 visum.
1353 2432 1516 2511 Egorerb,
1535 2429 1607 2495 crim

195 2512 244 2582 ¹ab
259 2509 294 2569 its
314 2511 457 2574 invectum
476 2512 516 2574 eli
522 2511 596 2590 ,qui
607 2511 774 2578 seutemmm
792 2510 883 2590 ipsam
916 2508 947 2570 in
966 2516 1075 2573 uno‘ex
1091 2510 1146 2573 tuis
1165 2510 1311 2575 codicibus
1331 2512 1506 2593 consumere,
1521 2512 1552 2575 in
1564 2514 1606 2575 al-

206 2594 355 2653 crederent
372 2593 538 2671 partimlam
555 2594 637 2655 illam
657 2592 789 2674 flagitate.
803 2592 883 2669 Quid
915 2610 978 2653 teto
1002 2593 1136 2673 confluere
1155 2592 1279 2655 vidilsem
1302 2588 1429 2655 inhiberi
1439 2616 1449 2665 3
1469 2596 1607 2657 continuo

195 2674 278 2754 'erg'o
298 2676 314 2735 ἓ
333 2695 370 2734 an
386 2672 495 2736 difficile
506 2695 564 2737 erat
579 2697 632 2735 ton
650 2676 806 2757 confundere
821 2675 883 2737 sen-
917 2693 953 2733 ex
969 2672 1026 2751 ipsa
1044 2672 1176 2735 sententia
1195 2694 1293 2737 reram
1306 2674 1460 2737 leibonem
1489 2678 1588 2740 excudi
1597 2720 1609 2753 ,

197 2754 303 2815 'tentiae
321 2757 510 2828 omnm,
528 2756 677 2818 taminter
695 2756 722 2818 se
743 2754 883 2819 diremti
916 2774 977 2832 quae
995 2754 1032 2815 lic
1051 2752 1182 2817 sehabet
1201 2776 1212 2814 :1
1231 2761 1352 2838 Cuperem
1372 2760 1606 2839 equidemutrum·

195 2840 285 2911 ‚Quas
302 2836 380 2899 enirn
399 2855 629 2911 enumeraverat,
647 2838 706 2899 fere
726 2856 804 2899 erant
821 2838 886 2910 lrae,
919 2835 1033 2916 quusi
1072 2835 1121 2939 ζει
1142 2860 1151 2902 r
1173 2837 1224 2925 elle
1246 2836 1343 2921 d'ffct'le
1361 2837 1493 2899 confitere
1517 2860 1527 2895 :
1547 2841 1606 2901 hoc

207 2918 391 3001 Anlnmmeffe
405 2942 467 2993 cor,
484 2940 531 2983 atet
543 2920 883 3001 fitugtrimmflerebrtrm,
917 2916 1013 2989 est,co
1060 2938 1120 2977 eru.
1131 2920 1221 2997 Atque
1239 2918 1297 2978 hec
1313 2919 1475 2981 emendatio
1493 2940 1527 2979 ex
1545 2920 1606 2999 ipso

194 3006 323 3059 'animun
340 3042 349 3070 ,
366 3006 455 3082 &nem
473 3042 483 3073 ,
512 3005 693 3072 lamoniam,
720 3022 884 3073 numum,
923 2997 1069 3077 soloquafi
1088 2997 1184 3079 sponte
1205 3000 1370 3061 nascebatur.
1392 2999 1508 3063 Dixerat
1523 3002 1604 3063 enim

207 3078 395 3165 ἀτιλέχιν,
417 3086 492 3145 nibil
512 3082 619 3146 Cralii'
632 3082 759 3163 prosette
776 3082 886 3145 Miner·
918 3081 1038 3153 Cicero,
1055 3086 1125 3163 Qua
1145 3103 1176 3142 ex
1195 3085 1235 3142 ln's
1246 3082 1384 3161 fintetur'is
1402 3104 1470 3143 vera
1483 3082 1540 3163 fit,
1557 3087 1606 3165 stt-

207 3171 243 3223 vd
258 3164 359 3236 fiterit,
379 3164 427 3243 qui
445 3166 496 3227 has
509 3187 569 3229 tam
587 3164 739 3227 diffidentes
749 3186 810 3227 non
827 3164 885 3227 fine
915 3180 965 3245 rna
980 3164 1113 3223 hominem'
1129 3160 1174 3245 effe
1191 3167 1332 3233 diiudicm
1351 3189 1361 3231 ‚-
1380 3184 1438 3244 qua
1459 3164 1606 3247 verisimil-

205 3245 372 3309 confulione
396 3248 510 3309 uastare
538 3250 570 3309 ὅ(
599 3247 751 3324 dijudicare
773 3247 884 3326 poterit.
916 3246 995 3314 lima,
1020 3264 1146 3329 magum
1169 3238 1205 3308 b
1227 3248 1338 3305 ardema
1368 3246 1527 3325 questionem
1550 3250 1606 3331 effi.

191 3328 266 3389 ·Sed
283 3327 315 3387 in
335 3327 419 3389 nullis
442 3326 560 3408 usqtum
579 3329 722 3391 codicibus
739 3348 884 3406 repertum
918 3328 997 3406 litgo
1014 3328 1092 3403 quod
1110 3324 1165 3403 ipse
1185 3325 1319 3387 confessus
1337 3346 1395 3386 eret
1407 3329 1458 3387 elle
1469 3327 1603 3402 difficile,

192 3408 249 3481 ,est
259 3408 332 3471 illud
349 3430 423 3470 nont
440 3414 519 3489 quod
535 3410 641 3473 idcirco
656 3409 797 3471 Victorius
810 3411 886 3472 omi
919 3407 1063 3469 modestus
1075 3406 1258 3469 interlocutor
1268 3406 1369 3468 veritus
1381 3406 1420 3468 est
1436 3412 1471 3469 ab
1496 3431 1532 3473 co
1543 3413 1603 3473 exi·

208 3489 294 3562 stret,
315 3490 347 3551 in
364 3510 438 3553 mre
455 3492 622 3572 plerumque
636 3490 771 3562 fidus‚ne
790 3491 885 3554 dicam
918 3508 995 3629 ἔθη.
1017 3488 1199 3579 benenatus.
1211 3490 1369 3551 'Conantur
1384 3490 1470 3551 critici
1482 3492 1539 3552 huc
1558 3510 1600 3554 re·

191 3570 414 3650 'superliiriolim
433 3574 513 3649 Quin
531 3575 564 3635 &
585 3572 671 3636 asuis
689 3573 823 3635 omnibus
836 3576 885 3635 ab·
938 3588 1032 3649 ogere.
1052 3570 1110 3629 Sed
1126 3568 1197 3629 ntltil
1218 3590 1289 3650 opus
1300 3572 1348 3632 ell.
1378 3574 1539 3653 Confirndere
1559 3575 1599 3635 est

206 3652 286 3715 fuiffe
299 3654 410 3717 testatus
428 3656 468 3718 est
487 3654 655 3729 Gebhardus
674 3678 685 3720 ε
705 3654 798 3732 sicque
823 3676 884 3715 ma·
918 3650 1034 3713 miscere
1061 3650 1151 3712 multa
1176 3652 1275 3715 diverti
1296 3654 1423 3734 generis,
1442 3653 1517 3735 quast
1540 3656 1606 3715 nltn'

206 3757 281 3799 trum
297 3738 334 3799 de
356 3737 451 3799 tabula
465 3736 555 3808 tollit,
573 3735 649 3815 quafi
670 3735 785 3797 infititiae
803 3734 884 3815 parti
918 3732 973 3795 utri
997 3731 1081 3793 multa
1099 3738 1164 3804 jura
1187 3737 1322 3817 confundit
1348 3755 1472 3815 coquus,
1504 3755 1535 3795 ut
1563 3734 1601 3798 a'it

194 3818 280 3879 'culae
298 3818 495 3899 ejectionem
518 3819 647 3880 confeua
667 3819 748 3889 effer,
776 3818 808 3878 &
823 3817 883 3879 sen·
917 3815 1028 3876 Plautus
1050 3812 1164 3877 alicubi.
1205 3818 1316 3887 Velim,
1345 3817 1434 3893 inquit
1461 3816 1598 3879 Ciceroni
1731 3839 1739 3851 ·

203 3897 294 3961 tentia
315 3900 457 3979 explieata
475 3921 487 3961 t
503 3922 588 3980 que,
608 3919 657 3960 aut
679 3897 805 3961 multllm
824 3921 882 3980 ego
916 3896 1055 3968 Auditor,
1074 3898 1175 3959 docere
1192 3920 1239 3969 me
1253 3899 1345 3977 poffis,
1356 3898 1425 3974 quid
1435 3896 1466 3957 lit
1484 3900 1520 3959 de
1537 3900 1598 3965 ani-

191 3980 315 4050 ·fallor,
329 4000 378 4043 aut
395 4000 432 4044 eo
449 3981 825 4063 magishaerel&impedita
836 3982 883 4043 est.
916 4000 970 4038 ma
988 3998 1088 4040 natura
1105 3977 1289 4041 sentiendum
1326 3982 1365 4037 At
1388 3978 1466 4037 enirn
1487 3979 1600 4042 difficile

189 4062 293 4137 Quid
311 4062 406 4135 enim,
425 4063 561 4135 obsecro,
578 4062 630 4124 libi
646 4064 748 4124 volunt
760 4104 770 4134 ‚
787 4064 885 4143 fedcst
918 4060 958 4121 est
981 4080 1063 4141 agere
1082 4060 1139 4118 ltaec
1155 4058 1254 4131 lirnul,
1273 4063 1304 4119 &
1324 4058 1354 4117 in
1372 4078 1460 4118 unam
1477 4059 1597 4137 ‹lisputa-

189 4144 308 4238 ·dtfficile
332 4147 488 4226 conflandae
508 4147 523 4209 ἓ
542 4145 698 4205 Enimvero
726 4145 820 4221 potitis
842 4147 885 4208 di·
917 4142 1030 4203 tionem
1040 4140 1183 4201 includere
1196 4160 1239 4201 res
1261 4140 1350 4201 varias
1369 4159 1401 4196 ac
1419 4140 1600 4219 mulripliree.

204 4226 324 4297 strnue,
345 4226 507 4299 diſtribuad,
534 4226 677 4289 enucleate
702 4223 819 4287 scribere
834 4226 887 4290 dis-
920 4225 950 4284 Si
963 4243 1036 4303 ergo
1052 4222 1153 4283 mortis
1166 4240 1277 4283 metunt
1287 4238 1418 4281 excutere
1439 4223 1598 4303 possumus,

187 4307 284 4369 ticile
299 4306 557 4381 estecouftmdete,
570 4308 739 4378 dormitare,
755 4308 814 4368 labi
825 4308 887 4370 lon·
919 4305 976 4365 fine
996 4308 1048 4363 hac
1066 4300 1291 4381 disceptationes
1320 4322 1384 4361 eam
1401 4300 1462 4362 sane
1485 4307 1596 4379 omitta-

187 4390 248 4473 -ge
269 4386 448 4452 facillimum.
486 4390 631 4466 Quorsum
652 4409 748 4452 autem
768 4391 886 4475 dffrile,
921 4408 997 4447 mus.
1015 4390 1059 4445 Sir
1077 4386 1104 4442 tt
1123 4406 1175 4445 non
1214 4385 1270 4464 otess
1288 4382 1366 4451 fieri,
1392 4404 1423 4443 ur
1442 4384 1599 4469 liberemur

205 4470 287 4551 quad
304 4474 371 4533 veri>
382 4470 414 4533 id
421 4472 556 4553 sindo&
571 4470 633 4533 dard
648 4470 723 4555 operi
741 4471 835 4543 fierer,
853 4475 885 4533 8(
921 4466 1019 4528 mortis
1039 4472 1202 4536 metu,'ttit
1219 4471 1266 4526 ltac
1286 4465 1417 4545 quastione
1434 4468 1470 4527 de
1502 4486 1601 4529 natura

184 4554 242 4614 ·in
264 4552 396 4614 orationis
417 4554 564 4619 virtutibus
576 4554 657 4622 dle't,
669 4572 701 4613 ut
721 4556 887 4635 resconfim-
919 4556 1068 4609 animorum
1090 4546 1230 4629 explicati,
1245 4564 1342 4615 nunc,
1356 4546 1382 4621 s?
1406 4549 1511 4607 orclem
1529 4546 1601 4619 ciffi,

204 4638 333 4697 hm
352 4638 369 4697 ἓ
386 4640 487 4717 Apage
504 4637 658 4699 ledionem
676 4652 737 4708 ram
753 4634 887 4708 stultam,
920 4634 966 4689 boc
987 4648 1129 4709 agamus,
1152 4629 1183 4687 &
1214 4629 1244 4689 in
1264 4627 1414 4705 questione
1436 4628 1599 4699 animorum

183 4738 271 4779 uam
293 4718 489 4795 portentosam.
531 4718 669 4781 Viderunt
689 4713 792 4775 scilicet
812 4716 887 4788 hoc,
918 4712 1108 4771 immoremur
1127 4730 1137 4779 3
1156 4711 1219 4771 illul
1241 4726 1441 4791 argumentum
1464 4705 1499 4771 do
1519 4732 1596 4773 mor·

184 4799 261 4877 ·qui
276 4800 349 4859 illud
371 4823 424 4858 nort
445 4799 538 4861 invitis
556 4796 702 4859 codicibus
724 4794 887 4859 introduxe-
917 4795 952 4855 tis
971 4791 1113 4870 abigendo
1126 4791 1262 4864 melmin
1279 4794 1358 4869 quod
1373 4813 1482 4853 eramus
1494 4791 1600 4873 ingrad

186 4880 447 4947 *ruore-viderunt
460 4904 593 4962 quoque,
603 4878 690 4955 credo
699 4915 710 4950 ,
720 4876 768 4955 qui
778 4878 889 4944 rursum
919 4876 957 4949 ti,
977 4892 1152 4951 exequemur
1168 4874 1241 4967 aliis.
1261 4878 1427 4949 Buuemus.
