<?xml version="1.0" encoding="UTF-8"?>
<!DOCTYPE html PUBLIC "-//W3C//DTD XHTML 1.0 Transitional//EN"
    "http://www.w3.org/TR/xhtml1/DTD/xhtml1-transitional.dtd">
<html xmlns="http://www.w3.org/1999/xhtml" xml:lang="en" lang="en">
 <head>
  <title>
</title>
<meta http-equiv="Content-Type" content="text/html;charset=utf-8" />
  <meta name='ocr-system' content='tesseract 3.04.00' />
  <meta name='ocr-capabilities' content='ocr_page ocr_carea ocr_par ocr_line ocrx_word'/>
</head>
<body>
  <div class='ocr_page' id='page_1' title='image "./opera00cicegoog/opera00cicegoog_0202.png"; bbox 0 0 4259 5592; ppageno 0'>
   <div class='ocr_carea' id='block_1_1' title="bbox 386 391 1492 559">
    <p class='ocr_par' dir='ltr' id='par_1_1' title="bbox 386 391 1492 559">
     <span class='ocr_line' id='line_1_1' title="bbox 386 391 1492 559; baseline -0.023 -22"><span class='ocrx_word' id='word_1_1' title='bbox 386 391 412 449; x_wconf 85' lang='grc' dir='ltr'> </span> <span class='ocrx_word' id='word_1_2' title='bbox 523 478 603 559; x_wconf 77' lang='lat' dir='ltr'>r94</span> <span class='ocrx_word' id='word_1_3' title='bbox 931 404 1492 541; x_wconf 68' lang='lat' dir='ltr'>DEEINIBUS,</span> 
     </span>
    </p>
   </div>
   <div class='ocr_carea' id='block_1_2' title="bbox 519 612 1928 853">
    <p class='ocr_par' dir='ltr' id='par_1_2' title="bbox 519 612 1928 853">
     <span class='ocr_line' id='line_1_2' title="bbox 576 612 1912 741; baseline -0.004 -34"><span class='ocrx_word' id='word_1_4' title='bbox 576 630 710 741; x_wconf 81' lang='lat' dir='ltr'>Qam</span> <span class='ocrx_word' id='word_1_5' title='bbox 729 621 826 719; x_wconf 79' lang='lat' dir='ltr'>vero</span> <span class='ocrx_word' id='word_1_6' title='bbox 849 615 1076 721; x_wconf 84' lang='lat' dir='ltr'>utilitatem,</span> <span class='ocrx_word' id='word_1_7' title='bbox 1101 638 1168 703; x_wconf 84' lang='lat' dir='ltr'>aut</span> <span class='ocrx_word' id='word_1_8' title='bbox 1181 644 1301 730; x_wconf 88' lang='lat' dir='ltr'>quem</span> <span class='ocrx_word' id='word_1_9' title='bbox 1317 613 1486 701; x_wconf 73' lang='lat' dir='ltr'>stuslum</span> <span class='ocrx_word' id='word_1_10' title='bbox 1507 631 1708 725; x_wconf 89' lang='lat' dir='ltr'>petentes,</span> <span class='ocrx_word' id='word_1_11' title='bbox 1728 612 1912 709; x_wconf 75' lang='lat' dir='ltr'>sciretu-</span> 
     </span>
     <span class='ocr_line' id='line_1_3' title="bbox 519 727 1928 853; baseline -0.006 -30"><span class='ocrx_word' id='word_1_12' title='bbox 519 739 676 853; x_wconf 90' lang='lat' dir='ltr'>pimus,</span> <span class='ocrx_word' id='word_1_13' title='bbox 697 733 775 839; x_wconf 86' lang='lat' dir='ltr'>illa,</span> <span class='ocrx_word' id='word_1_14' title='bbox 794 764 881 849; x_wconf 79' lang='lat' dir='ltr'>qua</span> <span class='ocrx_word' id='word_1_15' title='bbox 907 730 1060 818; x_wconf 82' lang='lat' dir='ltr'>occulta</span> <span class='ocrx_word' id='word_1_16' title='bbox 1082 727 1197 817; x_wconf 89' lang='lat' dir='ltr'>nobis</span> <span class='ocrx_word' id='word_1_17' title='bbox 1219 731 1327 831; x_wconf 89' lang='lat' dir='ltr'>sunt,</span> <span class='ocrx_word' id='word_1_18' title='bbox 1354 732 1422 842; x_wconf 89' lang='lat' dir='ltr'>qul</span> <span class='ocrx_word' id='word_1_19' title='bbox 1455 752 1714 834; x_wconf 88' lang='lat' dir='ltr'>moveantur,</span> <span class='ocrx_word' id='word_1_20' title='bbox 1741 730 1928 843; x_wconf 71' lang='lat' dir='ltr'>quibusv</span> 
     </span>
    </p>
   </div>
   <div class='ocr_carea' id='block_1_3' title="bbox 390 843 1913 969">
    <p class='ocr_par' dir='ltr' id='par_1_3' title="bbox 390 843 1913 969">
     <span class='ocr_line' id='line_1_4' title="bbox 390 843 1913 969; baseline -0.009 -27"><span class='ocrx_word' id='word_1_21' title='bbox 390 902 394 907; x_wconf 58' lang='lat'>=</span> <span class='ocrx_word' id='word_1_22' title='bbox 521 881 602 969; x_wconf 90' lang='lat' dir='ltr'>que</span> <span class='ocrx_word' id='word_1_23' title='bbox 621 848 672 934; x_wconf 91' lang='lat' dir='ltr'>de</span> <span class='ocrx_word' id='word_1_24' title='bbox 701 851 818 933; x_wconf 87' lang='lat' dir='ltr'>caufis</span> <span class='ocrx_word' id='word_1_25' title='bbox 839 878 885 935; x_wconf 87' lang='lat' dir='ltr'>ea</span> <span class='ocrx_word' id='word_1_26' title='bbox 914 846 1108 933; x_wconf 82' lang='lat' dir='ltr'>versentur</span> <span class='ocrx_word' id='word_1_27' title='bbox 1129 843 1179 929; x_wconf 86' lang='lat' dir='ltr'>in.</span> <span class='ocrx_word' id='word_1_28' title='bbox 1195 844 1324 931; x_wconf 76' lang='lat' dir='ltr'>calo?</span> <span class='ocrx_word' id='word_1_29' title='bbox 1353 846 1454 967; x_wconf 80' lang='lat' dir='ltr'>Qis</span> <span class='ocrx_word' id='word_1_30' title='bbox 1486 864 1616 927; x_wconf 86' lang='lat' dir='ltr'>autem</span> <span class='ocrx_word' id='word_1_31' title='bbox 1643 868 1723 929; x_wconf 86' lang='lat' dir='ltr'>tam</span> <span class='ocrx_word' id='word_1_32' title='bbox 1751 843 1913 958; x_wconf 83' lang='lat' dir='ltr'>agresti·</span> 
     </span>
    </p>
   </div>
   <div class='ocr_carea' id='block_1_4' title="bbox 521 956 1934 1303">
    <p class='ocr_par' dir='ltr' id='par_1_4' title="bbox 521 956 1934 1303">
     <span class='ocr_line' id='line_1_5' title="bbox 521 956 1934 1074; baseline -0.008 -20"><span class='ocrx_word' id='word_1_33' title='bbox 521 969 598 1054; x_wconf 89' lang='lat' dir='ltr'>bus</span> <span class='ocrx_word' id='word_1_34' title='bbox 618 963 792 1049; x_wconf 86' lang='lat' dir='ltr'>institutis</span> <span class='ocrx_word' id='word_1_35' title='bbox 815 967 935 1063; x_wconf 77' lang='lat' dir='ltr'>vivit,</span> <span class='ocrx_word' id='word_1_36' title='bbox 950 982 1017 1045; x_wconf 89' lang='lat' dir='ltr'>aut</span> <span class='ocrx_word' id='word_1_37' title='bbox 1030 964 1119 1074; x_wconf 92' lang='lat' dir='ltr'>quis</span> <span class='ocrx_word' id='word_1_38' title='bbox 1134 981 1270 1045; x_wconf 86' lang='lat' dir='ltr'>contra</span> <span class='ocrx_word' id='word_1_39' title='bbox 1292 956 1416 1042; x_wconf 86' lang='lat' dir='ltr'>studia</span> <span class='ocrx_word' id='word_1_40' title='bbox 1435 980 1576 1043; x_wconf 76' lang='lat' dir='ltr'>natura</span> <span class='ocrx_word' id='word_1_41' title='bbox 1594 981 1675 1043; x_wconf 85' lang='lat' dir='ltr'>tam</span> <span class='ocrx_word' id='word_1_42' title='bbox 1696 959 1934 1063; x_wconf 60' lang='lat' dir='ltr'>vehemen-;</span> 
     </span>
     <span class='ocr_line' id='line_1_6' title="bbox 521 1071 1913 1187; baseline -0.009 -20"><span class='ocrx_word' id='word_1_43' title='bbox 521 1104 580 1167; x_wconf 88' lang='lat' dir='ltr'>tet</span> <span class='ocrx_word' id='word_1_44' title='bbox 599 1074 918 1180; x_wconf 74' lang='lat' dir='ltr'>obduruit,.utd</span> <span class='ocrx_word' id='word_1_45' title='bbox 944 1073 1059 1159; x_wconf 90' lang='lat' dir='ltr'>rebus</span> <span class='ocrx_word' id='word_1_46' title='bbox 1080 1080 1245 1187; x_wconf 78' lang='lat' dir='ltr'>cognitu</span> <span class='ocrx_word' id='word_1_47' title='bbox 1266 1072 1392 1185; x_wconf 86' lang='lat' dir='ltr'>dignis</span> <span class='ocrx_word' id='word_1_48' title='bbox 1411 1071 1637 1176; x_wconf 87' lang='lat' dir='ltr'>abhorreat,</span> <span class='ocrx_word' id='word_1_49' title='bbox 1666 1071 1808 1185; x_wconf 77' lang='lat' dir='ltr'>easque</span> <span class='ocrx_word' id='word_1_50' title='bbox 1830 1071 1913 1156; x_wconf 88' lang='lat' dir='ltr'>fine</span> 
     </span>
     <span class='ocr_line' id='line_1_7' title="bbox 522 1185 1930 1303; baseline -0.007 -22"><span class='ocrx_word' id='word_1_51' title='bbox 522 1196 726 1302; x_wconf 84' lang='lat' dir='ltr'>voluptate</span> <span class='ocrx_word' id='word_1_52' title='bbox 747 1214 814 1275; x_wconf 91' lang='lat' dir='ltr'>aut</span> <span class='ocrx_word' id='word_1_53' title='bbox 839 1187 1000 1274; x_wconf 84' lang='lat' dir='ltr'>utilitate</span> <span class='ocrx_word' id='word_1_54' title='bbox 1019 1188 1146 1303; x_wconf 86' lang='lat' dir='ltr'>aliqua</span> <span class='ocrx_word' id='word_1_55' title='bbox 1168 1216 1253 1273; x_wconf 94' lang='lat' dir='ltr'>non</span> <span class='ocrx_word' id='word_1_56' title='bbox 1283 1189 1449 1301; x_wconf 84' lang='lat' dir='ltr'>requirat</span> <span class='ocrx_word' id='word_1_57' title='bbox 1475 1245 1489 1291; x_wconf 94' lang='lat'>,</span> <span class='ocrx_word' id='word_1_58' title='bbox 1519 1186 1558 1270; x_wconf 72' lang='grc' dir='ltr'>ὃ(</span> <span class='ocrx_word' id='word_1_59' title='bbox 1583 1215 1657 1299; x_wconf 91' lang='lat' dir='ltr'>pro</span> <span class='ocrx_word' id='word_1_60' title='bbox 1682 1185 1805 1272; x_wconf 87' lang='lat' dir='ltr'>nihilo</span> <span class='ocrx_word' id='word_1_61' title='bbox 1832 1214 1930 1299; x_wconf 63' lang='lat' dir='ltr'>pu·v</span> 
     </span>
    </p>
   </div>
   <div class='ocr_carea' id='block_1_5' title="bbox 398 1298 1931 1418">
    <p class='ocr_par' dir='ltr' id='par_1_5' title="bbox 398 1298 1931 1418">
     <span class='ocr_line' id='line_1_8' title="bbox 398 1298 1931 1418; baseline -0.006 -24"><span class='ocrx_word' id='word_1_62' title='bbox 398 1402 401 1405; x_wconf 54' lang='grc'>,</span> <span class='ocrx_word' id='word_1_63' title='bbox 522 1328 578 1394; x_wconf 91' lang='lat' dir='ltr'>tet</span> <span class='ocrx_word' id='word_1_64' title='bbox 592 1310 616 1388; x_wconf 75' lang='lat'>2</span> <span class='ocrx_word' id='word_1_65' title='bbox 634 1328 700 1390; x_wconf 84' lang='lat' dir='ltr'>aut</span> <span class='ocrx_word' id='word_1_66' title='bbox 719 1310 808 1418; x_wconf 89' lang='lat' dir='ltr'>quis</span> <span class='ocrx_word' id='word_1_67' title='bbox 834 1304 888 1387; x_wconf 82' lang='lat' dir='ltr'>est</span> <span class='ocrx_word' id='word_1_68' title='bbox 900 1366 915 1407; x_wconf 90' lang='lat'>,</span> <span class='ocrx_word' id='word_1_69' title='bbox 937 1307 1006 1417; x_wconf 93' lang='lat' dir='ltr'>qui</span> <span class='ocrx_word' id='word_1_70' title='bbox 1027 1304 1219 1415; x_wconf 87' lang='lat' dir='ltr'>majorum</span> <span class='ocrx_word' id='word_1_71' title='bbox 1232 1306 1284 1407; x_wconf 81' lang='lat'>²⁰,</span> <span class='ocrx_word' id='word_1_72' title='bbox 1300 1322 1366 1385; x_wconf 83' lang='lat' dir='ltr'>aut</span> <span class='ocrx_word' id='word_1_73' title='bbox 1386 1299 1684 1404; x_wconf 82' lang='lat' dir='ltr'>Africanorum,</span> <span class='ocrx_word' id='word_1_74' title='bbox 1711 1323 1779 1386; x_wconf 84' lang='lat' dir='ltr'>aut</span> <span class='ocrx_word' id='word_1_75' title='bbox 1805 1298 1885 1409; x_wconf 85' lang='lat' dir='ltr'>ejus</span> <span class='ocrx_word' id='word_1_76' title='bbox 1897 1360 1931 1403; x_wconf 68' lang='lat'>,</span> 
     </span>
    </p>
   </div>
   <div class='ocr_carea' id='block_1_6' title="bbox 439 1412 1938 4303">
    <p class='ocr_par' dir='ltr' id='par_1_6' title="bbox 524 1412 1916 1759">
     <span class='ocr_line' id='line_1_9' title="bbox 524 1412 1916 1534; baseline -0.006 -29"><span class='ocrx_word' id='word_1_77' title='bbox 524 1447 646 1534; x_wconf 90' lang='lat' dir='ltr'>quem</span> <span class='ocrx_word' id='word_1_78' title='bbox 670 1441 715 1505; x_wconf 91' lang='lat' dir='ltr'>tu</span> <span class='ocrx_word' id='word_1_79' title='bbox 739 1423 779 1501; x_wconf 93' lang='lat' dir='ltr'>in</span> <span class='ocrx_word' id='word_1_80' title='bbox 801 1444 871 1503; x_wconf 89' lang='lat' dir='ltr'>ore</span> <span class='ocrx_word' id='word_1_81' title='bbox 900 1416 1045 1530; x_wconf 87' lang='lat' dir='ltr'>semper</span> <span class='ocrx_word' id='word_1_82' title='bbox 1074 1412 1219 1519; x_wconf 88' lang='lat' dir='ltr'>habes,</span> <span class='ocrx_word' id='word_1_83' title='bbox 1242 1417 1381 1529; x_wconf 86' lang='lat' dir='ltr'>proavi</span> <span class='ocrx_word' id='word_1_84' title='bbox 1404 1418 1481 1498; x_wconf 90' lang='lat' dir='ltr'>mei</span> <span class='ocrx_word' id='word_1_85' title='bbox 1502 1416 1567 1517; x_wconf 87' lang='lat'>²¹,</span> <span class='ocrx_word' id='word_1_86' title='bbox 1601 1420 1916 1527; x_wconf 77' lang='lat' dir='ltr'>caterort&#39;tmque</span> 
     </span>
     <span class='ocr_line' id='line_1_10' title="bbox 524 1526 1912 1645; baseline -0.005 -25"><span class='ocrx_word' id='word_1_87' title='bbox 524 1534 702 1620; x_wconf 88' lang='lat' dir='ltr'>virorum</span> <span class='ocrx_word' id='word_1_88' title='bbox 724 1530 886 1618; x_wconf 87' lang='lat' dir='ltr'>sortium</span> <span class='ocrx_word' id='word_1_89' title='bbox 904 1550 1022 1645; x_wconf 81' lang='lat' dir='ltr'>atque</span> <span class='ocrx_word' id='word_1_90' title='bbox 1042 1529 1154 1618; x_wconf 90' lang='lat' dir='ltr'>omni</span> <span class='ocrx_word' id='word_1_91' title='bbox 1171 1529 1312 1616; x_wconf 82' lang='lat' dir='ltr'>virtute</span> <span class='ocrx_word' id='word_1_92' title='bbox 1335 1526 1616 1642; x_wconf 71' lang='lat' dir='ltr'>prestantium,</span> <span class='ocrx_word' id='word_1_93' title='bbox 1636 1528 1734 1614; x_wconf 76' lang='lat' dir='ltr'>fasla</span> <span class='ocrx_word' id='word_1_94' title='bbox 1745 1592 1759 1633; x_wconf 94' lang='lat'>,</span> <span class='ocrx_word' id='word_1_95' title='bbox 1779 1526 1912 1632; x_wconf 73' lang='lat' dir='ltr'>dista,</span> 
     </span>
     <span class='ocr_line' id='line_1_11' title="bbox 527 1640 1716 1759; baseline -0.01 -22"><span class='ocrx_word' id='word_1_96' title='bbox 527 1644 681 1737; x_wconf 83' lang='lat' dir='ltr'>confilia</span> <span class='ocrx_word' id='word_1_97' title='bbox 700 1646 940 1759; x_wconf 88' lang='lat' dir='ltr'>cognoscens</span> <span class='ocrx_word' id='word_1_98' title='bbox 952 1709 966 1750; x_wconf 89' lang='lat'>,</span> <span class='ocrx_word' id='word_1_99' title='bbox 988 1643 1090 1729; x_wconf 83' lang='lat' dir='ltr'>nulla</span> <span class='ocrx_word' id='word_1_100' title='bbox 1105 1642 1238 1731; x_wconf 86' lang='lat' dir='ltr'>animo</span> <span class='ocrx_word' id='word_1_101' title='bbox 1264 1642 1451 1727; x_wconf 87' lang='lat' dir='ltr'>afficiatur</span> <span class='ocrx_word' id='word_1_102' title='bbox 1478 1640 1716 1757; x_wconf 78' lang='lat' dir='ltr'>voluptate?</span> 
     </span>
    </p>

    <p class='ocr_par' dir='ltr' id='par_1_7' title="bbox 527 1754 1937 3011">
     <span class='ocr_line' id='line_1_12' title="bbox 583 1754 1915 1883; baseline -0.002 -38"><span class='ocrx_word' id='word_1_103' title='bbox 583 1764 688 1883; x_wconf 79' lang='lat' dir='ltr'>Qis</span> <span class='ocrx_word' id='word_1_104' title='bbox 709 1764 839 1845; x_wconf 85' lang='lat' dir='ltr'>autem</span> <span class='ocrx_word' id='word_1_105' title='bbox 859 1760 1018 1844; x_wconf 83' lang='lat' dir='ltr'>honesta</span> <span class='ocrx_word' id='word_1_106' title='bbox 1035 1757 1077 1843; x_wconf 91' lang='lat' dir='ltr'>in</span> <span class='ocrx_word' id='word_1_107' title='bbox 1102 1758 1242 1843; x_wconf 84' lang='lat' dir='ltr'>familia</span> <span class='ocrx_word' id='word_1_108' title='bbox 1260 1756 1451 1843; x_wconf 88' lang='lat' dir='ltr'>institutus</span> <span class='ocrx_word' id='word_1_109' title='bbox 1472 1754 1712 1843; x_wconf 85' lang='lat' dir='ltr'>&amp;educatus</span> <span class='ocrx_word' id='word_1_110' title='bbox 1728 1754 1915 1871; x_wconf 66' lang='lat' dir='ltr'>ingenui,</span> 
     </span>
     <span class='ocr_line' id='line_1_13' title="bbox 527 1869 1917 1988; baseline -0.008 -25"><span class='ocrx_word' id='word_1_111' title='bbox 527 1906 613 1963; x_wconf 90' lang='lat' dir='ltr'>non</span> <span class='ocrx_word' id='word_1_112' title='bbox 634 1874 713 1988; x_wconf 86' lang='lat' dir='ltr'>ipsa</span> <span class='ocrx_word' id='word_1_113' title='bbox 733 1871 1000 1986; x_wconf 83' lang='lat' dir='ltr'>turpitudine,</span> <span class='ocrx_word' id='word_1_114' title='bbox 1021 1871 1138 1957; x_wconf 89' lang='lat' dir='ltr'>etiam</span> <span class='ocrx_word' id='word_1_115' title='bbox 1161 1873 1189 1956; x_wconf 88' lang='lat' dir='ltr'>fi</span> <span class='ocrx_word' id='word_1_116' title='bbox 1214 1898 1306 1957; x_wconf 88' lang='lat' dir='ltr'>eum</span> <span class='ocrx_word' id='word_1_117' title='bbox 1324 1869 1449 1955; x_wconf 79' lang='lat' dir='ltr'>lasura</span> <span class='ocrx_word' id='word_1_118' title='bbox 1472 1898 1555 1967; x_wconf 91' lang='lat' dir='ltr'>non</span> <span class='ocrx_word' id='word_1_119' title='bbox 1580 1870 1627 1964; x_wconf 77' lang='lat' dir='ltr'>stt,</span> <span class='ocrx_word' id='word_1_120' title='bbox 1638 1933 1653 1976; x_wconf 93' lang='lat'>,</span> <span class='ocrx_word' id='word_1_121' title='bbox 1672 1870 1917 1985; x_wconf 69' lang='lat' dir='ltr'>offenditur?</span> 
     </span>
     <span class='ocr_line' id='line_1_14' title="bbox 528 1984 1915 2105; baseline -0.005 -31"><span class='ocrx_word' id='word_1_122' title='bbox 528 1994 617 2105; x_wconf 87' lang='lat' dir='ltr'>quis</span> <span class='ocrx_word' id='word_1_123' title='bbox 641 1994 773 2075; x_wconf 90' lang='lat' dir='ltr'>animo</span> <span class='ocrx_word' id='word_1_124' title='bbox 802 2016 918 2102; x_wconf 83' lang='lat' dir='ltr'>aequo</span> <span class='ocrx_word' id='word_1_125' title='bbox 944 1986 1050 2072; x_wconf 87' lang='lat' dir='ltr'>videt</span> <span class='ocrx_word' id='word_1_126' title='bbox 1073 2014 1189 2090; x_wconf 86' lang='lat' dir='ltr'>eum,</span> <span class='ocrx_word' id='word_1_127' title='bbox 1216 2012 1337 2101; x_wconf 88' lang='lat' dir='ltr'>quem</span> <span class='ocrx_word' id='word_1_128' title='bbox 1353 1984 1505 2097; x_wconf 75' lang='lat' dir='ltr'>impure</span> <span class='ocrx_word' id='word_1_129' title='bbox 1522 2012 1567 2070; x_wconf 84' lang='lat' dir='ltr'>ac</span> <span class='ocrx_word' id='word_1_130' title='bbox 1588 1986 1778 2099; x_wconf 73' lang='lat' dir='ltr'>flagitiose</span> <span class='ocrx_word' id='word_1_131' title='bbox 1803 2004 1915 2098; x_wconf 82' lang='lat' dir='ltr'>putet</span> 
     </span>
     <span class='ocr_line' id='line_1_15' title="bbox 528 2092 1919 2221; baseline -0.006 -29"><span class='ocrx_word' id='word_1_132' title='bbox 528 2103 695 2192; x_wconf 75' lang='lat' dir='ltr'>vivere?</span> <span class='ocrx_word' id='word_1_133' title='bbox 718 2104 804 2214; x_wconf 93' lang='lat' dir='ltr'>quis</span> <span class='ocrx_word' id='word_1_134' title='bbox 839 2129 923 2186; x_wconf 91' lang='lat' dir='ltr'>non</span> <span class='ocrx_word' id='word_1_135' title='bbox 953 2099 1040 2186; x_wconf 91' lang='lat' dir='ltr'>odit</span> <span class='ocrx_word' id='word_1_136' title='bbox 1062 2098 1264 2204; x_wconf 89' lang='lat' dir='ltr'>sordidos,</span> <span class='ocrx_word' id='word_1_137' title='bbox 1296 2128 1446 2200; x_wconf 90' lang='lat' dir='ltr'>vanos,</span> <span class='ocrx_word' id='word_1_138' title='bbox 1467 2098 1596 2203; x_wconf 88' lang='lat' dir='ltr'>leves,</span> <span class='ocrx_word' id='word_1_139' title='bbox 1628 2098 1778 2190; x_wconf 76' lang='lat' dir='ltr'>firtiles?</span> <span class='ocrx_word' id='word_1_140' title='bbox 1806 2092 1919 2221; x_wconf 66' lang='lat' dir='ltr'>Qtud</span> 
     </span>
     <span class='ocr_line' id='line_1_16' title="bbox 529 2212 1916 2329; baseline -0.004 -26"><span class='ocrx_word' id='word_1_141' title='bbox 529 2236 662 2303; x_wconf 83' lang='lat' dir='ltr'>autem</span> <span class='ocrx_word' id='word_1_142' title='bbox 680 2212 759 2299; x_wconf 90' lang='lat' dir='ltr'>dici</span> <span class='ocrx_word' id='word_1_143' title='bbox 781 2213 945 2327; x_wconf 90' lang='lat' dir='ltr'>poterit,</span> <span class='ocrx_word' id='word_1_144' title='bbox 960 2218 988 2298; x_wconf 84' lang='lat' dir='ltr'>sr</span> <span class='ocrx_word' id='word_1_145' title='bbox 1007 2213 1289 2329; x_wconf 81' lang='lat' dir='ltr'>turpitudinem</span> <span class='ocrx_word' id='word_1_146' title='bbox 1311 2243 1395 2301; x_wconf 92' lang='lat' dir='ltr'>non</span> <span class='ocrx_word' id='word_1_147' title='bbox 1414 2212 1532 2325; x_wconf 81' lang='lat' dir='ltr'>ipsam</span> <span class='ocrx_word' id='word_1_148' title='bbox 1558 2238 1627 2326; x_wconf 91' lang='lat' dir='ltr'>per</span> <span class='ocrx_word' id='word_1_149' title='bbox 1641 2214 1676 2297; x_wconf 89' lang='lat' dir='ltr'>se</span> <span class='ocrx_word' id='word_1_150' title='bbox 1689 2212 1916 2326; x_wconf 83' lang='lat' dir='ltr'>fugiendam</span> 
     </span>
     <span class='ocr_line' id='line_1_17' title="bbox 531 2322 1920 2440; baseline -0.004 -25"><span class='ocrx_word' id='word_1_151' title='bbox 531 2332 608 2417; x_wconf 83' lang='lat' dir='ltr'>else</span> <span class='ocrx_word' id='word_1_152' title='bbox 631 2332 896 2431; x_wconf 77' lang='lat' dir='ltr'>statuerimuS,</span> <span class='ocrx_word' id='word_1_153' title='bbox 921 2330 1006 2440; x_wconf 79' lang='lat' dir='ltr'>qud</span> <span class='ocrx_word' id='word_1_154' title='bbox 1036 2326 1164 2414; x_wconf 79' lang='lat' dir='ltr'>minus</span> <span class='ocrx_word' id='word_1_155' title='bbox 1191 2332 1372 2415; x_wconf 90' lang='lat' dir='ltr'>homines</span> <span class='ocrx_word' id='word_1_156' title='bbox 1394 2322 1569 2411; x_wconf 80' lang='lat' dir='ltr'>tenebras</span> <span class='ocrx_word' id='word_1_157' title='bbox 1602 2326 1640 2411; x_wconf 71' lang='grc' dir='ltr'>ὅ(</span> <span class='ocrx_word' id='word_1_158' title='bbox 1676 2326 1920 2413; x_wconf 85' lang='lat' dir='ltr'>solitudinem</span> 
     </span>
     <span class='ocr_line' id='line_1_18' title="bbox 532 2437 1920 2554; baseline -0.004 -26"><span class='ocrx_word' id='word_1_159' title='bbox 532 2443 659 2546; x_wconf 71' lang='lat' dir='ltr'>uasti,</span> <span class='ocrx_word' id='word_1_160' title='bbox 679 2442 786 2527; x_wconf 92' lang='lat' dir='ltr'>nullo</span> <span class='ocrx_word' id='word_1_161' title='bbox 811 2440 1005 2526; x_wconf 82' lang='lat' dir='ltr'>dedecore</span> <span class='ocrx_word' id='word_1_162' title='bbox 1030 2444 1066 2525; x_wconf 87' lang='lat' dir='ltr'>se</span> <span class='ocrx_word' id='word_1_163' title='bbox 1089 2442 1322 2546; x_wconf 84' lang='lat' dir='ltr'>abstineant,</span> <span class='ocrx_word' id='word_1_164' title='bbox 1345 2440 1413 2523; x_wconf 81' lang='lat' dir='ltr'>nist</span> <span class='ocrx_word' id='word_1_165' title='bbox 1431 2467 1499 2527; x_wconf 89' lang='lat' dir='ltr'>eos</span> <span class='ocrx_word' id='word_1_166' title='bbox 1523 2468 1591 2554; x_wconf 90' lang='lat' dir='ltr'>per</span> <span class='ocrx_word' id='word_1_167' title='bbox 1614 2439 1651 2523; x_wconf 89' lang='lat' dir='ltr'>se</span> <span class='ocrx_word' id='word_1_168' title='bbox 1672 2439 1844 2527; x_wconf 75' lang='lat' dir='ltr'>steditate</span> <span class='ocrx_word' id='word_1_169' title='bbox 1857 2437 1920 2524; x_wconf 72' lang='lat' dir='ltr'>sul</span> 
     </span>
     <span class='ocr_line' id='line_1_19' title="bbox 532 2552 1919 2670; baseline -0.004 -27"><span class='ocrx_word' id='word_1_170' title='bbox 532 2555 740 2670; x_wconf 84' lang='lat' dir='ltr'>turpitudo</span> <span class='ocrx_word' id='word_1_171' title='bbox 772 2554 851 2668; x_wconf 88' lang='lat' dir='ltr'>ipsa</span> <span class='ocrx_word' id='word_1_172' title='bbox 877 2554 1091 2645; x_wconf 87' lang='lat' dir='ltr'>deterreat?</span> <span class='ocrx_word' id='word_1_173' title='bbox 1131 2552 1422 2643; x_wconf 86' lang='lat' dir='ltr'>Innumerabilia</span> <span class='ocrx_word' id='word_1_174' title='bbox 1458 2552 1535 2639; x_wconf 88' lang='lat' dir='ltr'>dici</span> <span class='ocrx_word' id='word_1_175' title='bbox 1560 2554 1720 2667; x_wconf 77' lang='lat' dir='ltr'>possunt</span> <span class='ocrx_word' id='word_1_176' title='bbox 1755 2555 1797 2637; x_wconf 93' lang='lat' dir='ltr'>in</span> <span class='ocrx_word' id='word_1_177' title='bbox 1820 2556 1919 2639; x_wconf 85' lang='lat' dir='ltr'>hanc</span> 
     </span>
     <span class='ocr_line' id='line_1_20' title="bbox 533 2663 1921 2780; baseline -0.003 -25"><span class='ocrx_word' id='word_1_178' title='bbox 533 2672 777 2756; x_wconf 85' lang='lat' dir='ltr'>sententiam:</span> <span class='ocrx_word' id='word_1_179' title='bbox 804 2667 868 2752; x_wconf 89' lang='lat' dir='ltr'>sed</span> <span class='ocrx_word' id='word_1_180' title='bbox 892 2698 976 2754; x_wconf 90' lang='lat' dir='ltr'>non</span> <span class='ocrx_word' id='word_1_181' title='bbox 996 2671 1145 2754; x_wconf 83' lang='lat' dir='ltr'>neceffe</span> <span class='ocrx_word' id='word_1_182' title='bbox 1167 2672 1232 2753; x_wconf 90' lang='lat' dir='ltr'>est.</span> <span class='ocrx_word' id='word_1_183' title='bbox 1260 2670 1367 2754; x_wconf 92' lang='lat' dir='ltr'>Nihil</span> <span class='ocrx_word' id='word_1_184' title='bbox 1391 2668 1445 2752; x_wconf 86' lang='lat' dir='ltr'>est</span> <span class='ocrx_word' id='word_1_185' title='bbox 1468 2671 1594 2771; x_wconf 92' lang='lat' dir='ltr'>enim,</span> <span class='ocrx_word' id='word_1_186' title='bbox 1613 2666 1665 2751; x_wconf 90' lang='lat' dir='ltr'>de</span> <span class='ocrx_word' id='word_1_187' title='bbox 1684 2696 1768 2780; x_wconf 91' lang='lat' dir='ltr'>quo</span> <span class='ocrx_word' id='word_1_188' title='bbox 1790 2663 1921 2753; x_wconf 71' lang='lat' dir='ltr'>minus</span> 
     </span>
     <span class='ocr_line' id='line_1_21' title="bbox 535 2780 1921 2895; baseline -0.004 -25"><span class='ocrx_word' id='word_1_189' title='bbox 535 2783 701 2871; x_wconf 84' lang='lat' dir='ltr'>dubitari</span> <span class='ocrx_word' id='word_1_190' title='bbox 728 2784 865 2894; x_wconf 79' lang='lat' dir='ltr'>poffit,</span> <span class='ocrx_word' id='word_1_191' title='bbox 899 2786 1018 2895; x_wconf 71' lang='lat' dir='ltr'>quim</span> <span class='ocrx_word' id='word_1_192' title='bbox 1042 2784 1081 2868; x_wconf 87' lang='lat'>&amp;</span> <span class='ocrx_word' id='word_1_193' title='bbox 1107 2784 1266 2869; x_wconf 87' lang='lat' dir='ltr'>honesta</span> <span class='ocrx_word' id='word_1_194' title='bbox 1293 2780 1507 2895; x_wconf 81' lang='lat' dir='ltr'>expetenda</span> <span class='ocrx_word' id='word_1_195' title='bbox 1535 2780 1691 2893; x_wconf 90' lang='lat' dir='ltr'>perse,</span> <span class='ocrx_word' id='word_1_196' title='bbox 1713 2783 1751 2867; x_wconf 90' lang='lat'>&amp;</span> <span class='ocrx_word' id='word_1_197' title='bbox 1778 2781 1921 2867; x_wconf 87' lang='lat' dir='ltr'>eodem</span> 
     </span>
     <span class='ocr_line' id='line_1_22' title="bbox 536 2896 1937 3011; baseline -0.004 -25"><span class='ocrx_word' id='word_1_198' title='bbox 536 2898 666 2986; x_wconf 90' lang='lat' dir='ltr'>modo</span> <span class='ocrx_word' id='word_1_199' title='bbox 688 2902 816 3008; x_wconf 83' lang='lat' dir='ltr'>turpia</span> <span class='ocrx_word' id='word_1_200' title='bbox 834 2896 959 3007; x_wconf 88' lang='lat' dir='ltr'>perse</span> <span class='ocrx_word' id='word_1_201' title='bbox 984 2897 1060 2981; x_wconf 86' lang='lat' dir='ltr'>esse</span> <span class='ocrx_word' id='word_1_202' title='bbox 1082 2896 1279 3011; x_wconf 75' lang='lat' dir='ltr'>fugienda.</span> <span class='ocrx_word' id='word_1_203' title='bbox 1933 2910 1937 2917; x_wconf 90' lang='lat'>&#39;</span> 
     </span>
    </p>

    <p class='ocr_par' dir='ltr' id='par_1_8' title="bbox 439 3008 1938 3812">
     <span class='ocr_line' id='line_1_23' title="bbox 596 3008 1925 3126; baseline -0.002 -29"><span class='ocrx_word' id='word_1_204' title='bbox 596 3009 825 3097; x_wconf 88' lang='lat' dir='ltr'>Constituto</span> <span class='ocrx_word' id='word_1_205' title='bbox 847 3032 978 3094; x_wconf 87' lang='lat' dir='ltr'>autem</span> <span class='ocrx_word' id='word_1_206' title='bbox 1002 3010 1094 3115; x_wconf 91' lang='lat' dir='ltr'>illo,</span> <span class='ocrx_word' id='word_1_207' title='bbox 1128 3011 1179 3096; x_wconf 94' lang='lat' dir='ltr'>de</span> <span class='ocrx_word' id='word_1_208' title='bbox 1199 3040 1285 3126; x_wconf 93' lang='lat' dir='ltr'>quo</span> <span class='ocrx_word' id='word_1_209' title='bbox 1316 3012 1405 3097; x_wconf 68' lang='lat' dir='ltr'>anti:</span> <span class='ocrx_word' id='word_1_210' title='bbox 1429 3008 1625 3113; x_wconf 83' lang='lat' dir='ltr'>diximus,</span> <span class='ocrx_word' id='word_1_211' title='bbox 1656 3008 1769 3123; x_wconf 92' lang='lat' dir='ltr'>quod</span> <span class='ocrx_word' id='word_1_212' title='bbox 1795 3013 1925 3097; x_wconf 85' lang='lat' dir='ltr'>hone-</span> 
     </span>
     <span class='ocr_line' id='line_1_24' title="bbox 538 3121 1926 3238; baseline -0.002 -27"><span class='ocrx_word' id='word_1_213' title='bbox 538 3128 641 3211; x_wconf 85' lang='lat' dir='ltr'>stum</span> <span class='ocrx_word' id='word_1_214' title='bbox 664 3124 734 3227; x_wconf 85' lang='lat' dir='ltr'>fit,</span> <span class='ocrx_word' id='word_1_215' title='bbox 756 3121 798 3207; x_wconf 94' lang='lat' dir='ltr'>id</span> <span class='ocrx_word' id='word_1_216' title='bbox 826 3123 901 3206; x_wconf 80' lang='lat' dir='ltr'>effe</span> <span class='ocrx_word' id='word_1_217' title='bbox 923 3122 1044 3209; x_wconf 89' lang='lat' dir='ltr'>solum</span> <span class='ocrx_word' id='word_1_218' title='bbox 1067 3125 1242 3211; x_wconf 87' lang='lat' dir='ltr'>bonum:</span> <span class='ocrx_word' id='word_1_219' title='bbox 1265 3124 1422 3237; x_wconf 83' lang='lat' dir='ltr'>intelligi</span> <span class='ocrx_word' id='word_1_220' title='bbox 1449 3125 1597 3208; x_wconf 88' lang='lat' dir='ltr'>necesse</span> <span class='ocrx_word' id='word_1_221' title='bbox 1617 3122 1692 3226; x_wconf 88' lang='lat' dir='ltr'>est,</span> <span class='ocrx_word' id='word_1_222' title='bbox 1711 3123 1829 3238; x_wconf 89' lang='lat' dir='ltr'>plutis</span> <span class='ocrx_word' id='word_1_223' title='bbox 1852 3124 1926 3230; x_wconf 89' lang='lat' dir='ltr'>id,</span> 
     </span>
     <span class='ocr_line' id='line_1_25' title="bbox 498 3235 1924 3354; baseline 0 -31"><span class='ocrx_word' id='word_1_224' title='bbox 498 3333 504 3344; x_wconf 31' lang='lat'><strong><em>¹</em></strong></span> <span class='ocrx_word' id='word_1_225' title='bbox 539 3237 656 3354; x_wconf 92' lang='lat' dir='ltr'>quod</span> <span class='ocrx_word' id='word_1_226' title='bbox 677 3236 882 3323; x_wconf 82' lang='lat' dir='ltr'>honestum</span> <span class='ocrx_word' id='word_1_227' title='bbox 902 3236 971 3340; x_wconf 86' lang='lat' dir='ltr'>fit,</span> <span class='ocrx_word' id='word_1_228' title='bbox 996 3237 1262 3323; x_wconf 78' lang='lat' dir='ltr'>aestimandum</span> <span class='ocrx_word' id='word_1_229' title='bbox 1284 3241 1380 3343; x_wconf 86' lang='lat' dir='ltr'>esse,</span> <span class='ocrx_word' id='word_1_230' title='bbox 1397 3242 1517 3352; x_wconf 74' lang='lat' dir='ltr'>quam</span> <span class='ocrx_word' id='word_1_231' title='bbox 1535 3236 1593 3321; x_wconf 87' lang='lat' dir='ltr'>illa</span> <span class='ocrx_word' id='word_1_232' title='bbox 1610 3235 1761 3340; x_wconf 89' lang='lat' dir='ltr'>media,</span> <span class='ocrx_word' id='word_1_233' title='bbox 1775 3266 1924 3350; x_wconf 84' lang='lat' dir='ltr'>quaeex</span> 
     </span>
     <span class='ocr_line' id='line_1_26' title="bbox 540 3346 1926 3465; baseline -0.004 -25"><span class='ocrx_word' id='word_1_234' title='bbox 540 3382 594 3439; x_wconf 95' lang='lat' dir='ltr'>eo</span> <span class='ocrx_word' id='word_1_235' title='bbox 620 3373 902 3465; x_wconf 83' lang='lat' dir='ltr'>comparentur.</span> <span class='ocrx_word' id='word_1_236' title='bbox 929 3350 1133 3438; x_wconf 81' lang='lat' dir='ltr'>stutitiarn</span> <span class='ocrx_word' id='word_1_237' title='bbox 1154 3374 1308 3456; x_wconf 88' lang='lat' dir='ltr'>autem,</span> <span class='ocrx_word' id='word_1_238' title='bbox 1331 3353 1370 3438; x_wconf 76' lang='grc' dir='ltr'>δι</span> <span class='ocrx_word' id='word_1_239' title='bbox 1390 3352 1676 3454; x_wconf 81' lang='lat' dir='ltr'>temeritatem,</span> <span class='ocrx_word' id='word_1_240' title='bbox 1709 3352 1748 3436; x_wconf 86' lang='lat'>&amp;</span> <span class='ocrx_word' id='word_1_241' title='bbox 1778 3346 1926 3461; x_wconf 52' lang='lat' dir='ltr'>injussiss</span> 
     </span>
     <span class='ocr_line' id='line_1_27' title="bbox 540 3462 1938 3579; baseline 0.003 -27"><span class='ocrx_word' id='word_1_242' title='bbox 540 3470 656 3571; x_wconf 88' lang='lat' dir='ltr'>tiam,</span> <span class='ocrx_word' id='word_1_243' title='bbox 682 3467 720 3551; x_wconf 76' lang='grc'>8(</span> <span class='ocrx_word' id='word_1_244' title='bbox 745 3470 1074 3575; x_wconf 87' lang='lat' dir='ltr'>intemperantiam</span> <span class='ocrx_word' id='word_1_245' title='bbox 1099 3470 1192 3553; x_wconf 82' lang='lat' dir='ltr'>cum</span> <span class='ocrx_word' id='word_1_246' title='bbox 1213 3465 1379 3553; x_wconf 89' lang='lat' dir='ltr'>dicimus</span> <span class='ocrx_word' id='word_1_247' title='bbox 1398 3466 1474 3549; x_wconf 79' lang='lat' dir='ltr'>effe</span> <span class='ocrx_word' id='word_1_248' title='bbox 1486 3462 1670 3579; x_wconf 75' lang='lat' dir='ltr'>lugienda</span> <span class='ocrx_word' id='word_1_249' title='bbox 1691 3486 1938 3577; x_wconf 86' lang='lat' dir='ltr'>proptereas.</span> 
     </span>
     <span class='ocr_line' id='line_1_28' title="bbox 542 3576 1930 3693; baseline 0 -27"><span class='ocrx_word' id='word_1_250' title='bbox 542 3608 629 3685; x_wconf 88' lang='lat' dir='ltr'>res,</span> <span class='ocrx_word' id='word_1_251' title='bbox 653 3608 741 3693; x_wconf 83' lang='lat' dir='ltr'>quae</span> <span class='ocrx_word' id='word_1_252' title='bbox 763 3607 812 3664; x_wconf 82' lang='lat' dir='ltr'>ex</span> <span class='ocrx_word' id='word_1_253' title='bbox 822 3579 911 3692; x_wconf 82' lang='lat' dir='ltr'>ipfis</span> <span class='ocrx_word' id='word_1_254' title='bbox 931 3579 1134 3683; x_wconf 89' lang='lat' dir='ltr'>eveniant,</span> <span class='ocrx_word' id='word_1_255' title='bbox 1154 3588 1236 3667; x_wconf 96' lang='lat' dir='ltr'>non</span> <span class='ocrx_word' id='word_1_256' title='bbox 1259 3585 1311 3673; x_wconf 88' lang='lat' dir='ltr'>ita</span> <span class='ocrx_word' id='word_1_257' title='bbox 1332 3577 1522 3685; x_wconf 89' lang='lat' dir='ltr'>dicimus,</span> <span class='ocrx_word' id='word_1_258' title='bbox 1543 3602 1587 3665; x_wconf 91' lang='lat' dir='ltr'>ut</span> <span class='ocrx_word' id='word_1_259' title='bbox 1600 3606 1691 3664; x_wconf 87' lang='lat' dir='ltr'>cum</span> <span class='ocrx_word' id='word_1_260' title='bbox 1713 3576 1800 3683; x_wconf 89' lang='lat' dir='ltr'>illo,</span> <span class='ocrx_word' id='word_1_261' title='bbox 1813 3580 1930 3693; x_wconf 91' lang='lat' dir='ltr'>quod</span> 
     </span>
     <span class='ocr_line' id='line_1_29' title="bbox 439 3690 1933 3812; baseline 0 -31"><span class='ocrx_word' id='word_1_262' title='bbox 439 3753 442 3758; x_wconf 93' lang='lat'><em>-</em></span> <span class='ocrx_word' id='word_1_263' title='bbox 542 3697 721 3812; x_wconf 78' lang='lat' dir='ltr'>pofitum&#39;</span> <span class='ocrx_word' id='word_1_264' title='bbox 738 3693 814 3796; x_wconf 89' lang='lat' dir='ltr'>est,</span> <span class='ocrx_word' id='word_1_265' title='bbox 835 3690 958 3777; x_wconf 90' lang='lat' dir='ltr'>solum</span> <span class='ocrx_word' id='word_1_266' title='bbox 986 3692 1030 3777; x_wconf 92' lang='lat' dir='ltr'>id</span> <span class='ocrx_word' id='word_1_267' title='bbox 1063 3695 1139 3778; x_wconf 80' lang='lat' dir='ltr'>effe</span> <span class='ocrx_word' id='word_1_268' title='bbox 1162 3695 1331 3798; x_wconf 85' lang='lat' dir='ltr'>malum,</span> <span class='ocrx_word' id='word_1_269' title='bbox 1388 3692 1472 3779; x_wconf 94' lang='lat' dir='ltr'>uod</span> <span class='ocrx_word' id='word_1_270' title='bbox 1496 3716 1608 3805; x_wconf 85' lang='lat' dir='ltr'>turpe</span> <span class='ocrx_word' id='word_1_271' title='bbox 1643 3693 1714 3795; x_wconf 84' lang='lat' dir='ltr'>fit,</span> <span class='ocrx_word' id='word_1_272' title='bbox 1740 3694 1822 3778; x_wconf 78' lang='lat' dir='ltr'>huc</span> <span class='ocrx_word' id='word_1_273' title='bbox 1850 3724 1933 3807; x_wconf 89' lang='lat' dir='ltr'>pu-</span> 
     </span>
    </p>

    <p class='ocr_par' dir='ltr' id='par_1_9' title="bbox 544 3724 1936 4303">
     <span class='ocr_line' id='line_1_30' title="bbox 544 3724 1931 3923; baseline 0 -32"><span class='ocrx_word' id='word_1_274' title='bbox 544 3834 663 3923; x_wconf 82' lang='lat' dir='ltr'>gnare</span> <span class='ocrx_word' id='word_1_275' title='bbox 686 3803 861 3893; x_wconf 86' lang='lat' dir='ltr'>videatur</span> <span class='ocrx_word' id='word_1_276' title='bbox 884 3810 1034 3893; x_wconf 70' lang='lat' dir='ltr'>oratioe</span> <span class='ocrx_word' id='word_1_277' title='bbox 1054 3832 1262 3922; x_wconf 86' lang='lat' dir='ltr'>propterea</span> <span class='ocrx_word' id='word_1_278' title='bbox 1282 3724 1393 3923; x_wconf 67' lang='lat' dir='ltr'>quod</span> <span class='ocrx_word' id='word_1_279' title='bbox 1417 3835 1462 3891; x_wconf 85' lang='lat' dir='ltr'>ea</span> <span class='ocrx_word' id='word_1_280' title='bbox 1482 3836 1568 3891; x_wconf 90' lang='lat' dir='ltr'>non</span> <span class='ocrx_word' id='word_1_281' title='bbox 1586 3805 1637 3891; x_wconf 82' lang='lat' dir='ltr'>ad</span> <span class='ocrx_word' id='word_1_282' title='bbox 1659 3810 1837 3919; x_wconf 85' lang='lat' dir='ltr'>corporis</span> <span class='ocrx_word' id='word_1_283' title='bbox 1865 3811 1931 3891; x_wconf 90' lang='lat' dir='ltr'>in-</span> 
     </span>
     <span class='ocr_line' id='line_1_31' title="bbox 545 3919 1936 4037; baseline -0.001 -28"><span class='ocrx_word' id='word_1_284' title='bbox 545 3920 810 4009; x_wconf 89' lang='lat' dir='ltr'>oommodum</span> <span class='ocrx_word' id='word_1_285' title='bbox 835 3922 1074 4025; x_wconf 87' lang='lat' dir='ltr'>referuntur,</span> <span class='ocrx_word' id='word_1_286' title='bbox 1097 3921 1163 4005; x_wconf 88' lang='lat' dir='ltr'>sed</span> <span class='ocrx_word' id='word_1_287' title='bbox 1183 3921 1235 4009; x_wconf 88' lang='lat' dir='ltr'>ad</span> <span class='ocrx_word' id='word_1_288' title='bbox 1265 3944 1396 4037; x_wconf 89' lang='lat' dir='ltr'>turpes</span> <span class='ocrx_word' id='word_1_289' title='bbox 1418 3922 1618 4023; x_wconf 69' lang='lat' dir='ltr'>affirmes,</span> <span class='ocrx_word' id='word_1_290' title='bbox 1640 3948 1728 4035; x_wconf 79' lang='lat' dir='ltr'>qua</span> <span class='ocrx_word' id='word_1_291' title='bbox 1748 3919 1936 4008; x_wconf 86' lang='lat' dir='ltr'>oriuntur</span> 
     </span>
     <span class='ocr_line' id='line_1_32' title="bbox 546 4033 1934 4153; baseline -0.001 -29"><span class='ocrx_word' id='word_1_292' title='bbox 546 4040 572 4124; x_wconf 81' lang='grc' dir='ltr'>ὲ</span> <span class='ocrx_word' id='word_1_293' title='bbox 599 4034 710 4122; x_wconf 87' lang='lat' dir='ltr'>vitiis.</span> <span class='ocrx_word' id='word_1_294' title='bbox 739 4038 848 4153; x_wconf 69' lang='lat' dir='ltr'>Quas</span> <span class='ocrx_word' id='word_1_295' title='bbox 867 4034 971 4119; x_wconf 88' lang='lat' dir='ltr'>enim</span> <span class='ocrx_word' id='word_1_296' title='bbox 992 4038 1115 4125; x_wconf 83' lang='lat' dir='ltr'>Graeci</span> <span class='ocrx_word' id='word_1_297' title='bbox 1137 4035 1257 4127; x_wconf 72' lang='lat' dir='ltr'>waler</span> <span class='ocrx_word' id='word_1_298' title='bbox 1282 4033 1500 4149; x_wconf 88' lang='lat' dir='ltr'>appellant,</span> <span class='ocrx_word' id='word_1_299' title='bbox 1523 4033 1616 4120; x_wconf 87' lang='lat' dir='ltr'>vitia</span> <span class='ocrx_word' id='word_1_300' title='bbox 1639 4034 1772 4140; x_wconf 86' lang='lat' dir='ltr'>malo,</span> <span class='ocrx_word' id='word_1_301' title='bbox 1807 4041 1934 4148; x_wconf 72' lang='lat' dir='ltr'>quarn</span> 
     </span>
     <span class='ocr_line' id='line_1_33' title="bbox 549 4149 1935 4303; baseline -0.004 -66"><span class='ocrx_word' id='word_1_302' title='bbox 549 4149 730 4251; x_wconf 83' lang='lat' dir='ltr'>malitias,</span> <span class='ocrx_word' id='word_1_303' title='bbox 750 4154 960 4235; x_wconf 78' lang='lat' dir='ltr'>nominate</span> <span class='ocrx_word' id='word_1_304' title='bbox 1855 4220 1935 4303; x_wconf 44' lang='grc' dir='ltr'>ΝΞ</span> 
     </span>
    </p>
   </div>
   <div class='ocr_carea' id='block_1_7' title="bbox 548 4384 1954 4939">
    <p class='ocr_par' dir='ltr' id='par_1_10' title="bbox 548 4384 1954 4879">
     <span class='ocr_line' id='line_1_34' title="bbox 592 4384 1943 4466; baseline 0.004 -24"><span class='ocrx_word' id='word_1_305' title='bbox 592 4405 639 4443; x_wconf 81' lang='lat'>20.</span> <span class='ocrx_word' id='word_1_306' title='bbox 658 4390 715 4466; x_wconf 64' lang='lat' dir='ltr'>Qu·</span> <span class='ocrx_word' id='word_1_307' title='bbox 734 4389 875 4461; x_wconf 73' lang='lat' dir='ltr'>maiorum</span> <span class='ocrx_word' id='word_1_308' title='bbox 885 4402 931 4445; x_wconf 79' lang='lat' dir='ltr'>aut</span> <span class='ocrx_word' id='word_1_309' title='bbox 942 4386 1153 4466; x_wconf 78' lang='lat' dir='ltr'>Africanorum]</span> <span class='ocrx_word' id='word_1_310' title='bbox 1167 4389 1222 4448; x_wconf 90' lang='lat' dir='ltr'>Le·</span> <span class='ocrx_word' id='word_1_311' title='bbox 1254 4386 1369 4450; x_wconf 83' lang='lat' dir='ltr'>buimus</span> <span class='ocrx_word' id='word_1_312' title='bbox 1383 4384 1463 4466; x_wconf 67' lang='lat' dir='ltr'>supra</span> <span class='ocrx_word' id='word_1_313' title='bbox 1474 4384 1523 4449; x_wconf 87' lang='lat' dir='ltr'>lib.</span> <span class='ocrx_word' id='word_1_314' title='bbox 1530 4388 1555 4447; x_wconf 86' lang='lat'>1.</span> <span class='ocrx_word' id='word_1_315' title='bbox 1565 4406 1625 4465; x_wconf 77' lang='lat' dir='ltr'>cap.</span> <span class='ocrx_word' id='word_1_316' title='bbox 1641 4406 1668 4457; x_wconf 86' lang='lat'>7.</span> <span class='ocrx_word' id='word_1_317' title='bbox 1681 4386 1712 4447; x_wconf 74' lang='lat' dir='ltr'>dt</span> <span class='ocrx_word' id='word_1_318' title='bbox 1726 4388 1764 4445; x_wconf 90' lang='grc' dir='ltr'>Π.</span> <span class='ocrx_word' id='word_1_319' title='bbox 1778 4408 1825 4458; x_wconf 86' lang='lat'>19·</span> <span class='ocrx_word' id='word_1_320' title='bbox 1840 4388 1943 4448; x_wconf 77' lang='lat' dir='ltr'>Im.</span> 
     </span>
     <span class='ocr_line' id='line_1_35' title="bbox 549 4465 1942 4559; baseline 0.004 -36"><span class='ocrx_word' id='word_1_321' title='bbox 549 4468 679 4545; x_wconf 79' lang='lat' dir='ltr'>gendum</span> <span class='ocrx_word' id='word_1_322' title='bbox 695 4469 741 4546; x_wconf 79' lang='lat' dir='ltr'>qui</span> <span class='ocrx_word' id='word_1_323' title='bbox 763 4465 939 4528; x_wconf 71' lang='lat' dir='ltr'>Mardorum</span> <span class='ocrx_word' id='word_1_324' title='bbox 956 4486 1002 4526; x_wconf 76' lang='lat' dir='ltr'>am</span> <span class='ocrx_word' id='word_1_325' title='bbox 1015 4468 1220 4559; x_wconf 63' lang='lat' dir='ltr'>Afiicannrum,¹</span> <span class='ocrx_word' id='word_1_326' title='bbox 1297 4490 1346 4529; x_wconf 80' lang='lat'>21.</span> <span class='ocrx_word' id='word_1_327' title='bbox 1365 4472 1548 4539; x_wconf 69' lang='lat' dir='ltr'>Prominet]</span> <span class='ocrx_word' id='word_1_328' title='bbox 1567 4470 1616 4529; x_wconf 87' lang='lat' dir='ltr'>Ne</span> <span class='ocrx_word' id='word_1_329' title='bbox 1636 4465 1697 4547; x_wconf 85' lang='lat' dir='ltr'>quis</span> <span class='ocrx_word' id='word_1_330' title='bbox 1707 4466 1772 4528; x_wconf 67' lang='lat' dir='ltr'>ides</span> <span class='ocrx_word' id='word_1_331' title='bbox 1790 4470 1942 4531; x_wconf 79' lang='lat' dir='ltr'>mendum</span> 
     </span>
     <span class='ocr_line' id='line_1_36' title="bbox 550 4543 1944 4628; baseline 0.004 -23"><span class='ocrx_word' id='word_1_332' title='bbox 550 4562 583 4605; x_wconf 86' lang='lat' dir='ltr'>ut</span> <span class='ocrx_word' id='word_1_333' title='bbox 596 4543 670 4605; x_wconf 69' lang='lat' dir='ltr'>reue</span> <span class='ocrx_word' id='word_1_334' title='bbox 681 4544 800 4623; x_wconf 85' lang='lat' dir='ltr'>conjecit</span> <span class='ocrx_word' id='word_1_335' title='bbox 810 4544 1144 4611; x_wconf 81' lang='lat' dir='ltr'>eruditiffimusruJoan.</span> <span class='ocrx_word' id='word_1_336' title='bbox 1155 4549 1222 4609; x_wconf 86' lang='lat' dir='ltr'>Cle·</span> <span class='ocrx_word' id='word_1_337' title='bbox 1256 4548 1357 4610; x_wconf 78' lang='lat' dir='ltr'>subesse</span> <span class='ocrx_word' id='word_1_338' title='bbox 1376 4546 1543 4628; x_wconf 77' lang='lat' dir='ltr'>suspicent,</span> <span class='ocrx_word' id='word_1_339' title='bbox 1576 4547 1640 4627; x_wconf 82' lang='lat' dir='ltr'>quia</span> <span class='ocrx_word' id='word_1_340' title='bbox 1665 4550 1738 4609; x_wconf 81' lang='lat' dir='ltr'>Cato</span> <span class='ocrx_word' id='word_1_341' title='bbox 1758 4547 1911 4612; x_wconf 84' lang='lat' dir='ltr'>Censorius</span> <span class='ocrx_word' id='word_1_342' title='bbox 1928 4590 1944 4623; x_wconf 88' lang='lat'>‚</span> 
     </span>
     <span class='ocr_line' id='line_1_37' title="bbox 548 4625 1949 4713; baseline 0.009 -32"><span class='ocrx_word' id='word_1_343' title='bbox 548 4625 645 4689; x_wconf 75' lang='lat' dir='ltr'>ricus.-</span> <span class='ocrx_word' id='word_1_344' title='bbox 664 4644 751 4695; x_wconf 83' lang='lat' dir='ltr'>nam,</span> <span class='ocrx_word' id='word_1_345' title='bbox 764 4625 813 4684; x_wconf 84' lang='lat' dir='ltr'>nili</span> <span class='ocrx_word' id='word_1_346' title='bbox 828 4627 1010 4698; x_wconf 57' lang='lat' dir='ltr'>fullonium</span> <span class='ocrx_word' id='word_1_347' title='bbox 1031 4635 1160 4701; x_wconf 73' lang='lat' dir='ltr'>majorum</span> <span class='ocrx_word' id='word_1_348' title='bbox 1180 4630 1222 4691; x_wconf 84' lang='lat' dir='ltr'>le-</span> <span class='ocrx_word' id='word_1_349' title='bbox 1257 4649 1343 4707; x_wconf 89' lang='lat' dir='ltr'>quem</span> <span class='ocrx_word' id='word_1_350' title='bbox 1369 4630 1474 4693; x_wconf 87' lang='lat' dir='ltr'>Cicero</span> <span class='ocrx_word' id='word_1_351' title='bbox 1496 4626 1653 4713; x_wconf 82' lang='lat' dir='ltr'>fignificat,</span> <span class='ocrx_word' id='word_1_352' title='bbox 1678 4628 1769 4690; x_wconf 73' lang='lat' dir='ltr'>multo</span> <span class='ocrx_word' id='word_1_353' title='bbox 1794 4628 1949 4709; x_wconf 79' lang='lat' dir='ltr'>antiquior</span> 
     </span>
     <span class='ocr_line' id='line_1_38' title="bbox 550 4702 1952 4795; baseline 0.005 -31"><span class='ocrx_word' id='word_1_354' title='bbox 550 4703 622 4764; x_wconf 78' lang='lat' dir='ltr'>eloti</span> <span class='ocrx_word' id='word_1_355' title='bbox 639 4702 726 4795; x_wconf 78' lang='lat' dir='ltr'>semel</span> <span class='ocrx_word' id='word_1_356' title='bbox 742 4706 853 4795; x_wconf 74' lang='lat' dir='ltr'>monito</span> <span class='ocrx_word' id='word_1_357' title='bbox 866 4729 924 4767; x_wconf 89' lang='lat' dir='ltr'>non</span> <span class='ocrx_word' id='word_1_358' title='bbox 933 4710 1023 4785; x_wconf 80' lang='lat' dir='ltr'>potest</span> <span class='ocrx_word' id='word_1_359' title='bbox 1039 4732 1098 4773; x_wconf 90' lang='lat' dir='ltr'>non</span> <span class='ocrx_word' id='word_1_360' title='bbox 1111 4709 1223 4772; x_wconf 86' lang='lat' dir='ltr'>incom-</span> <span class='ocrx_word' id='word_1_361' title='bbox 1258 4708 1340 4769; x_wconf 73' lang='lat' dir='ltr'>fuerit</span> <span class='ocrx_word' id='word_1_362' title='bbox 1355 4714 1441 4789; x_wconf 73' lang='lat' dir='ltr'>quim</span> <span class='ocrx_word' id='word_1_363' title='bbox 1461 4731 1581 4791; x_wconf 84' lang='lat' dir='ltr'>proavus</span> <span class='ocrx_word' id='word_1_364' title='bbox 1601 4732 1611 4770; x_wconf 76' lang='grc' dir='ltr'><strong><em>ε</em></strong></span> <span class='ocrx_word' id='word_1_365' title='bbox 1630 4710 1749 4772; x_wconf 86' lang='lat' dir='ltr'>namest</span> <span class='ocrx_word' id='word_1_366' title='bbox 1771 4711 1830 4777; x_wconf 88' lang='lat' dir='ltr'>hoe</span> <span class='ocrx_word' id='word_1_367' title='bbox 1848 4710 1952 4772; x_wconf 80' lang='lat' dir='ltr'>fami-</span> 
     </span>
     <span class='ocr_line' id='line_1_39' title="bbox 550 4780 1954 4879; baseline 0.006 -30"><span class='ocrx_word' id='word_1_368' title='bbox 550 4787 673 4852; x_wconf 81' lang='lat' dir='ltr'>nodum</span> <span class='ocrx_word' id='word_1_369' title='bbox 690 4784 788 4867; x_wconf 62' lang='lat' dir='ltr'>oden,</span> <span class='ocrx_word' id='word_1_370' title='bbox 806 4780 987 4865; x_wconf 60' lang='lat' dir='ltr'>nemaeus</span> <span class='ocrx_word' id='word_1_371' title='bbox 1007 4790 1158 4871; x_wconf 74' lang='lat' dir='ltr'>Torquatis</span> <span class='ocrx_word' id='word_1_372' title='bbox 1172 4790 1223 4867; x_wconf 61' lang='lat' dir='ltr'>lue</span> <span class='ocrx_word' id='word_1_373' title='bbox 1257 4788 1326 4870; x_wconf 70' lang='lat' dir='ltr'>liam</span> <span class='ocrx_word' id='word_1_374' title='bbox 1337 4792 1490 4879; x_wconf 67' lang='lat' dir='ltr'>Ciceroni,</span> <span class='ocrx_word' id='word_1_375' title='bbox 1511 4810 1544 4859; x_wconf 88' lang='lat' dir='ltr'>ut</span> <span class='ocrx_word' id='word_1_376' title='bbox 1550 4810 1666 4879; x_wconf 77' lang='lat' dir='ltr'>proavos</span> <span class='ocrx_word' id='word_1_377' title='bbox 1682 4792 1807 4874; x_wconf 78' lang='lat' dir='ltr'>appellet</span> <span class='ocrx_word' id='word_1_378' title='bbox 1825 4794 1863 4857; x_wconf 83' lang='lat' dir='ltr'>ab</span> <span class='ocrx_word' id='word_1_379' title='bbox 1876 4796 1954 4871; x_wconf 73' lang='lat' dir='ltr'>eius</span> 
     </span>
    </p>

    <p class='ocr_par' dir='ltr' id='par_1_11' title="bbox 1170 4891 1949 4939">
     <span class='ocr_line' id='line_1_40' title="bbox 1170 4891 1949 4939; baseline 0.004 -3"><span class='ocrx_word' id='word_1_380' title='bbox 1170 4914 1171 4917; x_wconf 59' lang='lat'><em>=</em></span> <span class='ocrx_word' id='word_1_381' title='bbox 1566 4898 1570 4905; x_wconf 91' lang='lat'>&#39;</span> <span class='ocrx_word' id='word_1_382' title='bbox 1856 4891 1949 4939; x_wconf 61' lang='grc' dir='ltr'>ΖΕΝ</span> 
     </span>
    </p>
   </div>
   <div class='ocr_carea' id='block_1_8' title="bbox 0 0 2178 5588">
    <p class='ocr_par' dir='ltr' id='par_1_12' title="bbox 0 0 2178 5588">
     <span class='ocr_line' id='line_1_41' title="bbox 0 0 2178 5588; baseline 0 0"><span class='ocrx_word' id='word_1_383' title='bbox 0 0 2178 5588; x_wconf 95' lang='lat' dir='ltr'> </span> 
     </span>
    </p>
   </div>
  </div>
 </body>
</html>
