4259 5592
154 434 187 515 ,²
313 424 398 503 '11
474 418 584 509 'L'I
611 418 646 509 B
675 417 711 507 E
738 416 790 507 R‘
839 414 1068 509 sE'c'U
1094 418 1141 509 N
1167 412 1345 511 D'U'S}
1504 424 1605 543 7587

193 604 382 697 :mallone
405 602 653 711 collustrans,
678 606 807 720 multis
819 604 994 721 partibus
1006 606 1148 719 major,
1160 630 1279 721 atque
1289 602 1467 718 amplior,
1484 610 1623 719 quam:

193 749 310 811 terra
332 722 525 809 univers:
548 720 692 808 deinde
715 718 858 835 reliqua
885 718 1006 804 sidera
1035 718 1369 835 magnitudinibus
1404 722 1605 809 immensu.
1635 768 1641 775 ·
1721 775 1727 792 ·

192 850 338 951 Atque
360 840 403 941 hi
425 834 523 921 tanti
559 841 699 951 ignes,
721 840 882 949 tamque
904 832 1036 938 muti,
1066 865 1150 921 non
1178 833 1305 921 modb
1332 835 1426 920 nihil
1458 852 1605 923 nocent

193 958 315 1055 ,terris
326 1014 341 1055 ,
361 950 554 1063 rebusque
576 949 839 1055 terrestribus,
870 944 934 1033 sed
954 947 1008 1033 ita
1036 948 1218 1062 prosunt,
1250 971 1294 1033 ut
1318 950 1346 1034 st
1367 973 1476 1035 mota
1509 949 1603 1037 loco

207 1067 279 1151 srot
298 1064 346 1169 ⁵⁶,
375 1067 618 1179 conflagrare
645 1086 759 1153 terras
776 1063 926 1149 necesse
950 1063 994 1148 srt
1017 1066 1176 1150 atauus
1201 1061 1435 1168 ardoribus,
1460 1062 1604 1151 mode-

192 1180 369 1268 natione.
383 1181 423 1267 8<
437 1182 727 1293 ‚temperatione
751 1174 904 1265 sublati.
1391 1217 1393 1220 ·

193 1348 206 1399 ι,
261 1300 433 1409 Hicego
447 1372 451 1377 .
465 1322 549 1380 non
567 1298 680 1380 mirer
694 1293 770 1379 esse
784 1320 1032 1409 :quemquam
1043 1355 1057 1397 ,
1077 1295 1146 1407 qui
1158 1289 1228 1378 srbi
1250 1290 1496 1404 persuadeat,
1511 1322 1605 1381 cou-
1619 1320 1677 1343 ··

205 1438 306 1524 pora
329 1409 511 1522 quadarn
534 1408 652 1495 solida
670 1430 789 1523 atque
815 1405 1020 1495 individua
1042 1408 1083 1493 vi
1109 1409 1350 1524 &gravitate
1364 1408 1474 1513 serti,
1487 1438 1607 1495 mun-
1623 1371 1676 1452 37

194 1524 387 1640 dumque
409 1523 512 1609 effici
530 1523 809 1611 ornatissimum
820 1586 835 1627 ,
867 1521 1244 1634 &pulcherrimum
1271 1550 1320 1606 ex
1349 1548 1489 1610 eorum
1512 1553 1606 1611 cor-

196 1667 354 1753 porum
376 1637 635 1725 concursione
660 1634 840 1726 fortuiti?
869 1642 964 1724 Hoc
994 1636 1064 1749 qui
1087 1636 1274 1724 existimat
1297 1638 1379 1723 fieri
1408 1641 1606 1749 potuisse,

194 1782 288 1859 non
311 1753 511 1866 intelligo,
539 1780 610 1851 cur
633 1781 717 1837 non
744 1751 852 1839 idem
880 1773 1026 1864 putet,
1056 1752 1085 1837 sr
1114 1750 1415 1839 innumerabiles
1436 1752 1553 1841 unius
1567 1753 1608 1838 δι

196 1871 341 1981 'viginti
359 1868 495 1955 sormae
521 1866 714 1955 literarum
732 1867 792 1952 vel
818 1894 970 1971 aurea,
993 1866 1052 1953 vel
1069 1866 1338 1980 qualeslibet,
1361 1868 1608 1982 aliqubcon-

197 1982 404 2093 jiciantur,
428 1982 540 2097 polle
567 2010 616 2067 ex
636 1981 695 2067 his
721 1984 763 2065 in
794 2003 934 2067 terram
954 1982 1113 2065 excuffis
1132 1982 1283 2066 annales
1306 1980 1441 2084 Ennii,
1465 2004 1511 2067 ut
1531 1979 1607 2066 de-

195 2092 336 2211 inceps
362 2096 439 2210 legi
468 2096 632 2208 polsrut,
657 2094 785 2181 effici:
811 2093 927 2207 quod
953 2093 1082 2179 nescio
1102 2123 1152 2179 an
1186 2121 1235 2178 ne
1265 2100 1304 2181 in
1334 2124 1420 2181 uno
1443 2094 1607 2210 quidem

199 2213 321 2299 uersu.
344 2212 459 2323 pollit
481 2232 637 2298 tantum
667 2208 793 2294 valere
823 2208 992 2295 fortuna.
1030 2207 1090 2293 llli
1111 2231 1241 2294 autem
1268 2208 1608 2324 quemadmodum

196 2327 435 2430 asseverant,
472 2352 522 2410 ex
562 2321 799 2439 corpusculis
822 2352 906 2410 non
940 2320 1102 2429 colore,
1126 2353 1210 2410 non
1240 2324 1421 2439 qualitate
1449 2324 1606 2440 aliqui,

204 2468 325 2555 quarn
348 2446 522 2529 ποιότιπα
542 2444 667 2529 Graci
687 2459 857 2543 vocant,
882 2466 965 2525 non
989 2438 1097 2524 sensu
1121 2438 1316 2552 preditis,
1347 2438 1414 2525 sed
1436 2454 1608 2527 concur·-

204 2557 545 2642 rentibustemera
559 2578 690 2671 atque
714 2552 828 2658 casu,
853 2552 1050 2640 mundum
1072 2555 1150 2640 else
1170 2551 1415 2668 perseum?
1451 2553 1512 2639 vel
1544 2560 1609 2641 in·-

206 2666 462 2777 ¹numerabiles
484 2674 620 2784 potius
634 2675 688 2759 in
711 2667 822 2758 omni
847 2670 1002 2783 punblo
1024 2674 1213 2782 temporis
1239 2668 1335 2756 alios
1354 2671 1486 2771 nasci,
1511 2670 1607 2758 alios
1648 2700 1653 2705 ’

202 2789 402 2897 interire?
438 2783 565 2895 Quod
594 2784 623 2869 sr
652 2785 850 2871 mundum
875 2782 1028 2870 efficere
1055 2786 1182 2897 potest
1209 2784 1418 2870 concursus
1446 2807 1608 2871 atomo·-

202 2930 314 3005 rum,
341 2930 410 2986 cur
438 2904 659 3013 porticum,
680 2928 751 2986 cur
765 2897 957 3013 templum
969 2926 1065 3003 ,cur
1075 2895 1268 3003 domurn,
1282 2927 1352 2983 cur
1374 2894 1511 2983 urbem
1522 2908 1608 2985 non

203 3017 331 3131 potest
344 3018 369 3098 ,ἲ
400 3014 594 3129 quasunt
619 3008 747 3100 minus
770 3012 962 3127 operosa,
1001 3014 1039 3098 δι
1068 3012 1201 3099 multb-
1225 3012 1386 3127 quidem
1422 3012 1605 3101 faciliora.

204 3128 402 3217 Certeita
421 3132 565 3215 temere
591 3126 641 3211 de
653 3126 808 3214 mundo
822 3130 1028 3229 effutiunt,
1051 3152 1095 3211 ut
1110 3126 1207 3212 mihi
1219 3127 1382 3239 quidem
1401 3154 1606 3240 nunquam

204 3244 314 3329 hune
336 3238 603 3328 admirabilem
623 3241 702 3331 cali
726 3263 910 3329 ornatum
920 3303 934 3346 ,
952 3243 1022 3353 qui
1034 3238 1146 3327 locus
1166 3240 1434 3355 estproximus
1449 3304 1463 3347 ,
1477 3243 1606 3357 sulpe-
1672 3227 1682 3249 ⁹

202 3356 542 3465 xill‘euideantur.
647 3432 648 3437 r
1129 3394 1134 3403 ¹
1184 3422 1188 3429 .
1546 3426 1551 3437 .
1594 3363 1609 3407 ‘⁴

202 3541 222 3551 ..
263 3472 443 3560 Praeclare
466 3500 562 3588 ergo.
575 3469 815 3579 Aristoteles,
828 3476 868 3561 Si
888 3472 1030 3575 essent,
1052 3469 1206 3588 inquit,
1226 3471 1298 3586 qui
1310 3468 1380 3559 sub
1399 3470 1606 3559 tetrasem-

203 3615 316 3701 „pet
338 3586 639 3692 habitavissent,
664 3587 783 3674 bonis
825 3582 1094 3675 &illustribus
1116 3586 1344 3692 domiciliis,
1373 3597 1461 3702 qua
1485 3588 1607 3674 essem

205 3750 230 3789 2,
245 3724 382 3789 ornata
404 3703 519 3817 signis
545 3724 665 3815 atque
684 3706 868 3816 piduris,
887 3702 1153 3815 instruebaque
1178 3699 1292 3787 rebus
1316 3707 1360 3787 iis
1392 3696 1617 3807 omnibus,

207 3813 393 3933 „quibus
410 3815 658 3903 abundantii
683 3822 752 3929 qui
772 3812 872 3903 beati
893 3838 1100 3931 putantur,
1119 3843 1194 3901 nec
1208 3838 1338 3901 tamen
1357 3816 1518 3903 exissent
1530 3844 1607 3902 un·

206 3962 370 4046 „quam
390 3932 501 4043 supra
524 3955 685 4018 tetram:
709 3932 1094 4045 accepissentautem
1116 3928 1279 4017 fami&
1308 3929 1515 4022 auditione
1530 3931 1609 4018 csse

206 4041 458 4165 „quoddam
489 4071 662 4152 numen,
687 4048 827 4134 &vim
844 4045 1033 4133 deorum:
1057 4044 1203 4131 deinde
1229 4045 1364 4160 aliquo
1394 4060 1607 4159 tempore,

863 4164 945 4246 lie
975 4187 997 4244 e
1025 4186 1048 4243 e
1107 4190 1130 4245 2
1452 4209 1477 4247 n
1495 4180 1607 4276 pate·

208 4424 330 4487 quarem
345 4408 500 4473 malumus,
512 4408 582 4485 docet
601 4408 669 4465 uem
690 4407 744 4477 alio,
759 4406 813 4475 loco
828 4402 885 4464 &a
920 4418 1025 4463 tentant
1051 4401 1233 4473 muae‚l12nc
1250 4420 1354 4478 roceru
1374 4402 1412 4464 ed
1432 4420 1522 4474 mer,
1535 4398 1607 4467 refe·

211 4481 274 4548 Hoc
291 4486 331 4548 est
353 4507 361 4547 ι
383 4489 466 4549 Idem
487 4484 622 4547 Pacuvius
643 4487 728 4547 docet
743 4484 800 4546 alio
819 4485 885 4547 loco
928 4500 1019 4545 rentes
1039 4501 1048 4541 a
1067 4482 1115 4551 rel
1130 4488 1193 4546 moti
1204 4524 1214 4555 ,
1232 4484 1311 4563 quod
1337 4483 1440 4563 speetu
1468 4484 1505 4544 ad
1524 4483 1608 4563 ἱρέες

208 4561 295 4629 illum
308 4566 385 4629 fiaiffe
401 4565 540 4639 Graium,
554 4564 603 4645 qui
624 4564 681 4628 hoc
701 4564 810 4627 dixerit.
830 4568 887 4626 De·
925 4562 1008 4625 Nilril
1026 4580 1124 4625 autem
1143 4582 1236 4637 verat,
1252 4564 1405 4643 quominus
1423 4564 1454 4624 iu
1469 4582 1542 4626 robe
1554 4586 1608 4626 nro·

209 4649 258 4711 leo
275 4648 349 4725 istud
368 4646 443 4728 quast
453 4666 517 4709 ante
538 4648 643 4718 orate,
661 4666 722 4725 quae
741 4664 801 4709 vox
817 4645 889 4707 nihil
924 4666 952 4707 aa
971 4644 1112 4726 iatdligas
1139 4644 1227 4707 sidera
1246 4666 1256 4705 ε
1277 4666 1337 4723 quae
1356 4645 1426 4707 crlm
1442 4645 1609 4724 appellatio·

208 4730 256 4791 hle
277 4729 409 4809 ponderis
433 4730 536 4801 habet,
557 4729 590 4791 &
607 4746 643 4789 ex
672 4726 889 4805 precedentibus
926 4748 963 4788 ne
984 4724 1182 4789 illustrantem
1196 4730 1299 4808 qaum
1317 4726 1518 4809 sgrrilioeuuru
1539 4726 1608 4805 quia

209 4811 268 4873 huc
285 4811 396 4873 vident
414 4808 521 4872 temer&
536 4811 655 4872 adduae
670 4809 731 4869 else.
751 4810 860 4879 Panno
926 4808 1033 4869 mirum
1061 4806 1081 4867 fi
1112 4806 1185 4869 illud
1208 4806 1395 4876 mastulinun
1418 4809 1450 4871 in
1476 4826 1611 4878 neumam

211 4942 213 4947 .
253 4908 299 4972 56,
319 4891 387 4979 [ass
397 4912 467 4955 mua
479 4890 626 4974 suosne]
649 4888 734 4953 noeti
750 4908 804 4970 pro
824 4906 894 4951 mora
926 4886 1058 4967 panderit
1079 4886 1092 4949 l
1116 4896 1277 4955 Wonuua
1649 4886 1655 4895 ’
