4259 5592
448 450 1295 551 arnnasncuunus
1486 419 1575 577 in

188 646 313 750 loris,
335 622 553 759 quae'ttiam
572 643 718 731 srmalo
734 612 835 730 caret
846 708 861 749 ,
872 636 1002 729 tamen
1022 613 1107 732 nob
1125 647 1177 727 est
1195 632 1385 731 summum
1407 640 1574 735 bonum:

159 760 402 847 accersione
424 780 587 845 utuntur
607 780 690 847 non
722 764 774 844 ita
804 754 1025 869 probabili,
1048 785 1132 847 neo·
1144 782 1275 843 tamen
1288 789 1397 864 ,ctu
1416 759 1461 845 id
1496 786 1575 850 tam

179 876 307 989 :parci
327 878 490 985 tamque
509 872 831 959 restrisie‘saciant
846 873 1059 987 ,intelligo
1090 877 1209 992 Qasr
1235 879 1340 961 enim
1364 877 1574 963 emendum

175 994 247 1072 ·'eis
268 990 337 1092 sat,
364 987 495 1101 quod⁸
515 986 660 1073 addant
684 986 743 1071 ad-
764 992 982 1103 virtutem,
1005 985 1177 1105 prirnbm
1209 988 1394 1075 vilissimas
1418 1017 1475 1073 res
1503 994 1574 1076 ad-

175 1100 318 1188 dunt:
341 1099 484 1186 deinde
507 1100 670 1213 singulas
688 1097 822 1214 potius
834 1162 858 1206 ,·
871 1108 991 1217 quam
1011 1107 1144 1189 omnia
1166 1104 1182 1139 ⁸
1209 1130 1296 1215 qua
1318 1108 1447 1217 prima
1459 1128 1574 1191 natu-

189 1246 232 1301 ra
249 1212 576 1331 approbavisset,
593 1242 639 1301 ea
672 1244 764 1301 cum
796 1216 996 1331 voluptate
1024 1218 1314 1330 conjungerent.
1355 1224 1454 1339 Qua
1481 1224 1576 1305 cum

177 1332 405 1417 Aristoni&
428 1332 620 1445 Pyrrhoni
641 1337 807 1417 omnino
825 1329 902 1415 visa
923 1331 1008 1417 sunt
1025 1359 1102 1443 pro
1121 1329 1276 1435 nihilo,
1295 1352 1340 1414 ut
1352 1330 1451 1415 inter
1466 1334 1573 1444 opti-

181 1447 253 1529 ·mb
278 1444 401 1528 valere
422 1446 685 1559 &gravissime
705 1469 888 1559 aegrotare
908 1448 1000 1531 nihil
1023 1446 1177 1559 prorsus
1198 1444 1369 1530 dicerent
1387 1448 1574 1551 interesset,

130 1601 133 1607 ·
184 1560 288 1643 reeta
313 1560 559 1671 jampridem
583 1583 719 1645 contra
747 1587 817 1646 eos
837 1558 1003 1647 dentum
1028 1562 1082 1644 est
1108 1561 1299 1671 disputari.
1328 1563 1438 1644 Dum
1467 1560 1574 1645 enirn

181 1672 233 1754 in
256 1700 331 1756 una
356 1678 498 1758 virtute
521 1673 571 1758 fic
595 1677 728 1759 omnia
750 1676 825 1757 effe
842 1673 1051 1761 voluerunt
1060 1737 1075 1778 ,
1094 1698 1139 1759 ut
1158 1703 1245 1758 eam
1258 1700 1385 1759 rerum
1401 1672 1573 1761 seleciio-

188 1814 238 1869 ne
264 1786 544 1899 exspoliarent:
566 1814 639 1872 nec
662 1786 700 1871 ei
725 1786 1028 1901 quidquamaut
1055 1788 1163 1873 unde
1191 1791 1388 1891 oriretur,
1412 1787 1573 1894 duent,

182 1920 253 2095 put
275 1896 347 1983 ubi
369 1905 550 1987 niteretur
565 1936 576 1987 :
591 1906 770 1996 virtutem
786 1904 932 2014 ipsam,
958 1932 1077 2018 quam
1096 1898 1429 2014 amplexabantur,
1450 1903 1572 1989 sustu-

200 2036 321 2098 enmt.
1427 2074 1432 2080 ·

182 2156 187 2167 ·
244 2128 410 2212 Herillus
432 2140 587 2234 autem,
613 2128 664 2213 ad
692 2130 884 2232 scientiam
907 2136 1038 2215 omnia
1061 2159 1247 2218 revocans
1262 2194 1275 2234 ‚
1289 2149 1422 2213 -untun
1436 2129 1572 2243 quod-

186 2241 282 2325 dam
305 2242 457 2328 bonum
479 2242 596 2331 vidit:
621 2243 685 2328 sed
709 2272 781 2328 nee
806 2250 1025 2356 optimum,
1054 2272 1127 2329 nec
1150 2275 1234 2358 quo
1257 2247 1335 2327 vita
1366 2242 1572 2354 gubernari

185 2356 313 2466 possit.
342 2361 470 2467 ltaque
497 2360 562 2442 hic
579 2358 659 2470 ipse
679 2359 752 2463 iam
776 2357 929 2470 pridem
948 2363 999 2443 est
1013 2358 1180 2470 rejesius.
1211 2357 1301 2443 Post
1320 2363 1423 2466 enim
1435 2359 1570 2471 Chry-

182 2470 337 2581 sippum
361 2500 445 2555 non
466 2470 552 2575 sanb
576 2472 630 2555 est
653 2471 896 2585 disputatmn.

242 2584 398 2669 Restatis
423 2583 538 2697 igitur
566 2615 651 2672 vos.
679 2592 782 2673 Narn
796 2614 887 2671 cum
908 2586 1148 2673 Academicis
1166 2590 1309 2671 incerta
1326 2583 1486 2670 ructatio
1503 2585 1569 2672 est:
1584 2648 1641 2666 .-

182 2702 256 2809 qui
277 2696 371 2781 nihii
387 2698 576 2785 affirmant
587 2762 601 2803 ,
626 2700 664 2785 8(
688 2700 793 2813 quafi
821 2697 1015 2811 desperata
1036 2704 1264 2813 cognitione
1285 2702 1377 2809 certi
1393 2698 1443 2785 id
1464 2696 1571 2811 sequi
1591 2720 1640 2793 ¹4

184 2812 345 2915 vosunt,
365 2809 653 2927 quodcumque
679 2812 874 2898 verisimile
895 2812 1080 2899 videatur.
1109 2821 1217 2900 Cum
1240 2814 1411 2921 Epicuro
1442 2828 1571 2897 autem

184 2928 264 3010 boc
291 2927 346 3008 est
365 2926 453 3037 pius
477 2932 649 3043 negotii,
675 2926 788 3041 quod
809 2926 993 3039 eduplici
1017 2954 1158 3041 genere
1176 2926 1384 3037 voluptatis
1403 2927 1570 3035 conjun-

181 3040 269 3123 etus
288 3044 364 3124 est:
393 3039 586 3156 quddquc
608 3040 763 3154 &ipse,
783 3040 956 3126 &amici
979 3042 1081 3147 eius,
1101 3042 1265 3127 &mttlti
1278 3040 1412 3149 postea
1426 3038 1570 3125 ,defen-

180 3153 286 3237 ffires
314 3154 396 3264 ejus
420 3153 607 3239 sententia
632 3153 811 3241 fuerunt:
839 3156 878 3239 bt
905 3155 1033 3241 nescio
1055 3154 1267 3268 quomodo
1293 3153 1389 3261 (is,
1411 3158 1481 3265 qui
1497 3184 1570 3239 au-

178 3266 404 3351 &oritatem
440 3272 637 3353 minimam
655 3268 796 3372 habet,
820 3274 1027 3353 maximam
1056 3267 1361 3384 vim)populus
1385 3268 1569 3353 cumillis

130 3434 133 3440 -
177 3378 284 3464 satit.
315 3387 433 3501 Quos
459 3381 527 3467 nist
545 3386 767 3495 arguimus,
795 3389 923 3467 omnis
954 3387 1101 3486 virtus,
1124 3408 1246 3468 omne·
1270 3379 1415 3485 decus,
1440 3386 1568 3467 omnis

176 3522 272 3577 vera
295 3494 378 3579 laus
403 3493 609 3580 deserenda
622 3496 686 3582 est.
714 3496 774 3579 Ita
793 3520 1020 3581 ceterorum
1045 3495 1233 3585 sententiis
1255 3494 1436 3598 semotis,
1453 3496 1569 3579 relin-

174 3611 317 3719 quittu
349 3630 433 3693 non
455 3612 550 3695 mihi
576 3637 668 3695 curn
681 3614 913 3738 Torquato,
932 3609 996 3693 sed
1013 3613 1144 3694 virtuti
1159 3641 1250 3697 cum
1270 3607 1470 3718 vosuptate
1484 3635 1568 3694 cer.-

173 3726 290 3807 tatio.
326 3729 462 3840 Quam
485 3722 649 3837 quidem
670 3746 946 3826 certationem,
961 3726 1086 3810 homo
1112 3724 1307 3810 &acutus
1324 3725 1363 3807 &
1382 3720 1568 3835 diligens,

170 3838 428 3950 Chrysippus
453 3859 536 3923 non
562 3845 801 3943 contemnit,
818 3844 1029 3951 totumque
1043 3837 1243 3921 discrimen
1260 3837 1396 3921 summi
1415 3835 1512 3921 boni
1526 3838 1567 3918 in

170 3948 324 4036 eadem
347 3956 642 4063 comparatione
665 3956 833 4064 positum
861 3974 980 4064 putat.
1015 3956 1107 4064 ,Ego
1128 3976 1257 4037 autem
1292 3950 1502 4052 existimo,
1540 3950 1568 4030 st

166 4040 392 4150 honestrim
412 4066 559 4266 alipuid
579 4066 817 4172 ostendero,
842 4062 953 4181 quod
974 4067 1016 4151 srt
1037 4066 1162 4176 ipsum
1192 4066 1316 4151 visua
1340 4085 1500 4174 propter
1510 4062 1572 4146 se':

166 4204 263 4290 que
290 4204 455 4293 expeten
484 4210 574 4286 um,
592 4182 712 4294 jacite
726 4182 847 4268 vestra
868 4184 1010 4267 omnia
1040 4187 1171 4295 ltaque
1186 4208 1259 4283 eo,
1274 4175 1387 4290 quase
1400 4177 1568 4281 sn,bre-
1688 4230 1690 4233 >
1763 4288 1768 4301 x

163 4296 312 4395 viter,
341 4318 383 4379 ut
405 4318 558 4409 tempus
587 4297 779 4409 postulat,
809 4299 1049 4400 constituto,
1070 4293 1253 4381 accedam
1272 4290 1323 4377 ad
1340 4296 1471 4377 omnia
1486 4313 1565 4395 tua,

160 4410 416 4524 Torquate,
436 4403 455 4467 t
481 4414 551 4497 nisr
569 4412 756 4499 memoria
774 4411 875 4499 forte
903 4410 1095 4611 desecrerit.
1427 4527 1468 4609 H

1088 4556 1110 4611 2
1470 4548 1573 4609 one-.

243 4745 264 4785 a
289 4703 407 4783 Lamb.
437 4740 495 4802 quae
508 4726 620 4806 prima,
639 4740 734 4782 natm
752 4720 910 4805 approbaffet.
950 4726 1018 4802 Qae
1037 4695 1095 4780 oiim
1484 4775 1486 4778 .

245 4808 278 4869 b.
295 4802 384 4872 Vi&-
394 4804 474 4867 Man.
487 4806 591 4870 lamb.
609 4804 654 4867 cdi
664 4800 692 4881 fi
707 4808 829 4867 memoria
842 4804 920 4886 sord.
930 4804 1049 4886 defecerit
1057 4820 1161 4880 ‚mm
1177 4801 1210 4884 est
1225 4799 1410 4884 opugnat,
