4259 5592
616 313 1137 512 avcvrnus
1500 413 1558 492 φ

223 563 304 652 Sed
329 557 491 650 adhibes
517 584 639 651 artem
665 557 895 652 advocatam
928 565 1043 649 etiam
1070 558 1246 649 sensibus.
1282 561 1412 650 Piclor
1431 561 1558 670 videt,
1574 587 1631 608 ···

166 676 255 790 quae
289 708 364 764 nos
383 709 468 765 non
490 678 690 766 videmus:
717 679 782 781 δί,
803 676 911 763 sunul
930 681 1079 764 inflavit
1099 676 1266 781 tibicen,
1290 678 1456 788 aperito
1471 710 1558 766 cat·
1575 647 1628 725 ²7
1696 777 1704 791 Β

145 821 260 878 -men
279 791 512 908 agnoscitur.
540 793 680 910 Qidl·
697 795 777 878 hoc
798 820 932 878 nonne
958 791 1111 877 videtur
1136 815 1273 879 contra
1297 813 1336 876 te
1361 794 1503 902 valere,
1530 799 1559 881 sr

169 909 247 990 srne
269 913 419 1021 magnis
444 905 633 1012 artificiis,
653 905 705 992 ad
727 935 813 1018 quae
835 909 952 1021 pauci
965 904 1157 993 accedunt
1178 905 1299 992 nostri
1313 909 1472 1019 quidem
1487 939 1559 1024 ge-

169 1025 269 1105 neris
292 1019 535 1127 admodum,
563 1019 645 1106 nec'
670 1019 830 1125 videre,
860 1050 933 1108 nec
956 1021 1087 1108 audire
1119 1022 1357 1134 possumus?
1393 1028 1475 1140 Jarn
1499 1025 1557 1109 illa

169 1136 368 1246 praclara,
389 1157 540 1249 quanto
562 1135 723 1222 artificio
746 1138 836 1221 esset
860 1137 982 1222 sensus
1008 1140 1158 1230 nostros
1180 1137 1558 1247 mentemque&to·

170 1273 245 1332 tarn
271 1251 598 1338 constructionem
617 1251 796 1364 ‘hominis
821 1248 1001 1338 fabricata
1022 1268 1179 1346 natura3
1192 1277 1263 1334 cur
1275 1279 1359 1335 non
1380 1254 1557 1338 extimes-

172 1391 255 1448 cam
274 1364 465 1476 opinandi
489 1372 766 1458 temeritatem?
788 1371 961 1452 Etiamne
983 1369 1062 1452 hoc
1089 1366 1276 1450 affirmare
1298 1385 1438 1476 potes,
1471 1373 1554 1452 Lu-

173 1475 296 1582 cule,
317 1479 393 1565 else
412 1479 581 1596 aliquam
603 1486 709 1586 vim,
731 1511 825 1566 cum
845 1479 1099 1595 prudentia&
1121 1477 1282 1567 consilio
1302 1477 1451 1582 scilicet,
1469 1510 1557 1593 qua

174 1595 344 1697 finxerit,
368 1595 454 1710 vel,
487 1617 532 1680 ut
554 1619 627 1682 tuo
651 1596 774 1682 verbo
798 1619 906 1700 utar,
930 1626 1016 1712 quae
1040 1591 1221 1682 fabricata
1252 1595 1296 1680 srt
1320 1593 1556 1684 hominem?

175 1706 308 1828 Qralis
322 1706 390 1792 illa
412 1709 555 1795 fabrica
572 1712 649 1802 est?
670 1709 740 1795 ubi
762 1707 960 1804 adhibita?
991 1707 1181 1828 quando?
1200 1718 1295 1798 cur?
1316 1707 1556 1821 quomodo?

172 1821 397 1907 Trastantur
414 1823 482 1909 ista
504 1824 729 1939 ingeniose:
754 1824 993 1938 disputantur
1008 1827 1125 1912 etiam
1144 1825 1345 1937 eleganter.
1374 1825 1560 1936 Denique

175 1930 208 1970 ¹¹
226 1933 431 2022 videantur
446 1937 559 2042 sane,
582 1967 633 2024 ne
660 1940 898 2026 affirmentur
912 1939 1049 2026 modi).
1078 1939 1154 2026 Sed
1183 1938 1234 2024 de
1261 1938 1431 2051 physicis
1447 1967 1558 2042 mox,

173 2048 210 2131 St
236 2048 400 2161 quidem
419 2050 474 2136 ob
496 2081 580 2138 eam
605 2053 755 2138 causam
767 2117 781 2159 ,
796 2082 846 2139 ne
867 2078 936 2159 tu,
955 2058 1025 2167 qui
1047 2053 1154 2139 idem
1167 2081 1231 2137 me
1253 2054 1444 2136 fatturum
1459 2080 1560 2163 pau-

173 2158 210 2246 Ιὸ
233 2167 323 2251 ante
349 2163 519 2271 dixeris,
539 2167 695 2253 videare
719 2168 911 2254 mentitus.
940 2165 1017 2254 Sed
1045 2192 1091 2254 ut
1110 2166 1161 2253 ad
1191 2195 1264 2271 ea,
1285 2193 1372 2278 qua
1401 2163 1561 2249 clariora

173 2273 280 2380 sunt,
311 2287 487 2366 veniam:
512 2309 571 2368 res
587 2281 622 2322 ⁸²
638 2284 710 2390 jam
732 2283 922 2368 universas
949 2281 1215 2396 profundam3
1238 2277 1290 2364 de
1315 2273 1459 2393 quibus
1484 2309 1561 2365 vo-

176 2389 320 2476 lumina
340 2393 495 2507 impleta
518 2395 603 2483 sunt
626 2426 709 2483 non
730 2403 753 2482 a
774 2397 912 2483 nostris
930 2392 1078 2502 solirm,
1107 2394 1169 2482 sed
1196 2394 1351 2481 etiamr
1373 2393 1564 2505 Chrysrp-

174 2533 240 2616 po·
270 2510 333 2590 De
359 2539 443 2624 quo
469 2514 579 2620 queri
598 2509 717 2598 solent
735 2511 881 2615 Stoici,
914 2509 1011 2596 dum
1037 2511 1210 2598 studiose
1233 2503 1367 2595 omnia
1389 2509 1562 2621 conqui-

175 2617 272 2706 fierit
293 2644 432 2708 contra
454 2623 968 2740 sensus&perspicuitatem,
988 2631 1206 2738 contraque
1225 2649 1384 2709 omnem
1399 2621 1565 2707 conlue-

173 2731 375 2839 tudinem,
407 2744 624 2851 contraque
651 2744 861 2845 rationem,
883 2733 1104 2851 ipsumsrbi
1129 2737 1447 2851 respondentem,
1460 2733 1561 2819 inse-

175 2850 319 2933 riorem
338 2849 475 2939 nitu:
500 2857 631 2968 itaque
648 2851 697 2939 ab
719 2882 770 2941 eo
797 2876 983 2943 annatum
1001 2855 1078 2940 else
1109 2851 1366 2938 Carneadem

230 2962 291 3048 Ea
310 2963 397 3049 sunt
421 2965 632 3074 ejusmodi,
653 2998 741 3084 qua
766 2975 789 3058 al
809 2993 847 3054 te
871 2967 1147 3096 diligentissime
1169 2967 1325 3065 tradata
1341 2964 1436 3049 sunt.
1456 2965 1567 3048 Dor-

173 3074 405 3184 mientium,
429 3081 467 3166 &
483 3081 798 3190 vinolentorum,
816 3083 856 3167 &
876 3082 1112 3169 fumosorum
1133 3079 1209 3186 visr
1229 3076 1476 3166 imbecilliora
1491 3078 1567 3160 else

172 3188 356 3296 dicebas,
383 3196 503 3306 quarn
524 3195 793 3311 vigilantium,
817 3198 1012 3282 siccorum
1028 3196 1059 3240 ⁸³
1065 3258 1078 3300 ,
1091 3194 1290 3280 sanorum:
1306 3221 1391 3308 quo
1407 3190 1567 3277 modo?

175 3310 269 3416 quia
289 3303 386 3426 citur¹
402 3317 646 3425 experretlus
661 3313 753 3396 esset
779 3315 951 3415 Ennius,
976 3343 1060 3398 non
1080 3307 1226 3396 diceret
1254 3307 1290 3392 se
1318 3303 1453 3393 vidiffe
1476 3310 1568 3391 Ho-

166 3448 353 3526 merum,
382 3416 447 3507 sed
472 3425 595 3510 visum
620 3427 716 3512 else:
739 3423 909 3510 Alcman
926 3427 1078 3528 autem,

347 3535 420 3621 Sed
434 3537 531 3618 mihi
555 3541 785 3657 neutiquam
812 3543 1126 3642 corconsentit....

170 3645 318 3734 Similia
337 3646 389 3732 de
411 3651 627 3742 vinolentis.
658 3655 778 3773 Qasr
789 3643 993 3768 quisquam
1016 3671 1157 3765 neget,
1174 3649 1305 3764 &qui
1326 3647 1569 3762 experreslus

171 3763 247 3866 srt,
273 3789 367 3958 eqm
385 3762 610 3961 sonIrnialse3
632 3773 700 3876 St,
717 3769 825 3881 cujus
847 3769 956 3856 furor
979 3766 1215 3870 consederit,
1230 3787 1463 3877 putarenon
1478 3759 1571 3959 ful·

329 3906 398 3962 om.
474 3882 504 3965 I.
999 3893 1037 3972 G
1547 3902 1571 3958 e

187 4042 1563 4072 ww

172 4091 237 4152 five
255 4087 339 4168 βίψι
356 4095 442 4156 etiam
462 4099 564 4160 Pollux
578 4101 630 4168 else
651 4103 734 4162 docet
755 4099 786 4160 in
805 4100 855 4162 lib.
892 4095 1069 4160 adversatur:
1090 4093 1205 4174 quinis,
1228 4091 1406 4172 Profundum,
1430 4087 1462 4150 id
1481 4083 1523 4180 est
1542 4105 1572 4145 a·

170 4191 241 4237 vn.
258 4175 366 4247 Qum,
378 4177 417 4238 'id
435 4177 474 4238 est
488 4183 543 4240 adr.
563 4183 675 4244 Fruar.
892 4179 1026 4242 cervatim
1046 4196 1206 4256 proponam
1225 4215 1234 4246 ‚
1252 4192 1295 4231 res
1310 4168 1446 4248 uniazersar
1458 4209 1468 4244 ,
1480 4169 1512 4261 td
1531 4165 1573 4227 est

221 4261 279 4314 81.
299 4260 414 4338 Denique
440 4259 608 4334 videantur]
632 4265 731 4343 Lego,
748 4263 857 4342 denique
894 4258 1031 4339 principia
1045 4261 1122 4322 unde
1136 4276 1228 4319 ortam
1242 4252 1444 4314 dieuntrerum
1464 4265 1574 4318 unsver-¹

166 4335 357 4415 Probessmrl
374 4341 531 4420 quotmili
545 4341 647 4416 fallor,
666 4343 787 4422 postulat
797 4343 857 4403 sen·
895 4341 1010 4404 litatem.
1032 4343 1214 4403 Auouvuvs.
1383 4410 1390 4425 ⁸
1515 4361 1520 4370 ¹

167 4417 278 4480 tentia.
301 4419 454 4486 Dnvtsrvs.
479 4456 483 4463 ·
757 4449 761 4458 ·
938 4431 984 4500 83.
1005 4427 1156 4490 Semne]
1182 4415 1290 4491 idest,
1319 4413 1492 4483 sobriorum,
1514 4427 1574 4472 nou
1669 4449 1698 4500 .-

213 4505 269 4560 82.
282 4505 346 4562 ‘Res
357 4503 413 4570 jam
432 4503 571 4583 univmsas
588 4506 769 4587 profiendam]
792 4503 860 4564 Cre·
895 4502 1117 4564 vinolentorum
1140 4500 1185 4557 Aa
1205 4505 1218 4558 .‘
1229 4497 1332 4577 scelqsa
1348 4518 1394 4576 ego
1413 4509 1529 4576 »ΜΗ
1544 4511 1576 4587 ἢ·

162 4581 206 4641 do
231 4579 472 4653 rescribendum,
490 4605 532 4645 res
552 4590 612 4658 jam
637 4585 774 4665 universas
801 4606 860 4648 non
895 4585 942 4645 lior
958 4603 1046 4644 meum
1065 4592 1156 4642 vuum
1178 4581 1224 4660 fui
1253 4597 1313 4642 rata
1333 4577 1461 4648 licetrrn,
1481 4575 1577 4655 surge,

157 4661 354 4754 Pmfifndams
373 4662 612 4742 addiupaniculr
631 4685 759 4748 negante.
773 4669 860 4726 Ioum
897 4671 1087 4738 continentem,
1100 4680 1231 4723 mantem
1251 4664 1339 4723 uxoris
1354 4658 1477 4721 maxima
1496 4653 1580 4723 Plau:

159 4743 336 4820 Ρίῐῑῑΰῑὼ,
355 4739 444 4830 quatu
462 4745 703 4830 meinardus,
727 4745 862 4814 Ciceroni
897 4765 941 4816 tue
956 4747 989 4812 in
1009 4743 1142 4812 armna
1165 4745 1255 4808 uva.
