4259 5592
444 444 642 575 ’ζμ
856 430 1650 587 ΤυδᾨυιᾼΝᾼββΜ
2099 539 2100 574 ι

554 635 640 720 hare
657 622 913 721 incommoda
938 623 1025 709 sunt
1049 616 1224 738 carentis.
1250 624 1370 725 Caret
1390 620 1542 728 oculis,
1560 618 1699 719 odiost
1717 626 1942 727 (mmm
2102 647 2103 658 κ

556 747 690 849 beris,
712 738 867 829 orbitae
895 736 1004 825 Valet
1028 738 1176 825 hocin
1199 738 1319 827 vivis:
1342 737 1746 840 murtuouurauteru
1758 770 1846 831 non
1859 769 1946 830 mu

547 860 614 949 *db
639 859 726 946 vitae
752 852 977 942 commodis
989 914 1005 957 ,
1029 852 1095 939 sed
1127 875 1178 935 ue
1202 848 1283 937 viti
1301 850 1463 965 quidem
1495 848 1581 967 ipsi
1605 851 1812 969 quisquan
1836 885 1944 951 caret

553 980 620 1065 De
640 974 821 1060 mortuis.
837 970 1017 1085 loquor,
1041 968 1113 1084 qui
1134 962 1228 1051 nulli
1248 966 1353 1052 sunt.¹
1370 972 1488 1073 Nos,
1505 972 1579 1167 pul
1601 967 1758 1074 sumus,
1776 1000 1875 1059 num
1888 999 1946 1062 aut
2039 1086 2042 1091 Ι

552 1092 584 1175 sr
612 1082 798 1179 ‘comibus
820 1110 1024 1187 ceremur,
1053 1088 1122 1171 a'ut
1146 1086 1309 1195 pennis,
1329 1082 1374 1167 srr
1397 1085 1468 1196 qui
1490 1087 1510 1175 i,
1559 1080 1731 1178 dixerit?
1748 1088 1945 1182 certene.

553 1234 637 1293 mo.
666 1200 780 1309 Quid
798 1204 885 1287 ita?
905 1200 1013 1325 Qia
1035 1204 1132 1313 crim
1152 1195 1195 1283 id
1216 1224 1300 1284 non
1334 1191 1503 1317 habeas,
1525 1194 1642 1311 quod
1660 1194 1729 1288 ribi
1754 1227 1829 1287 nec
1852 1205 1944 1310 usu,

555 1346 632 1429 nec
658 1314 795 1402 natural
816 1316 861 1401 sn
890 1338 1059 1431 aprum,
1088 1343 1174 1401 non
1200 1338 1353 1416 careae,
1380 1316 1498 1402 etiam
1518 1312 1549 1405 sl
1568 1313 1944 1408 strrtiaatenonlra·

559 1434 666 1520 bere.
1149 1444 1182 1491 ·'
1308 1446 1311 1453 '
1438 1447 1441 1450 ’
1503 1442 1507 1451 ’
1780 1508 1786 1519 .

549 1584 557 1599 ·
588 1553 708 1634 ,Hoc
735 1543 994 1658 premendum
1018 1546 1138 1629 etiam
1161 1524 1414 1657 atqueetiam,
1434 1544 1490 1627 est
1589 1566 1823 1649 umentem,
1847 1577 1946 1645 con-

553 1662 710 1750 linnato
735 1661 829 1766 illo,
856 1658 907 1745 de
932 1656 1281 1774 quo,srm0rtales
1298 1657 1417 1743 animi
1428 1660 1539 1762 sunt,
1585 1656 1735 1747 ubirare
1754 1689 1842 1747 non
1857 1661 1944 1775 pol

556 1778 714 1881 sumus,
736 1776 833 1889 quin
857 1786 986 1861 tantus
1006 1778 1180 1860 interitus
1206 1780 1249 1859 in
1268 1798 1409 1863 morte„
1426 1772 1492 1873 fit,
1519 1793 1564 1860 ut
1590 1802 1642 1859 ne
1668 1777 1828 1861 minima
1858 1775 1944 1891 qui.

552 1891 649 1978 elem
669 1889 833 2002 suspicio
855 1887 985 1975 sensus
1011 1888 1257 2003 relinquatur.
1302 1892 1399 1973 Hoc
1424 1887 1541 2002 igitur
1566 1882 1694 2000 probe
1718 1886 1882 1977 stabilito
1907 1891 1944 1983 ἂ

553 2005 640 2094 fixo
662 2002 756 2090 illud
776 2000 1056 2091 excutiendum
1077 2002 1156 2107 est,
1182 2018 1226 2087 ut
1252 2001 1413 2107 sciatur,
1433 2000 1537 2118 quid
1565 2003 1609 2087 stt
1633 2030 1787 2108 carere,
1811 2032 1869 2096 ne,
1883 2031 1942 2097 re,-

557 2120 753 2235 linquatur
776 2116 924 2231 aliquid
949 2122 1089 2203 erroris
1110 2120 1151 2201 in
1167 2109 1303 2203 verbo.
1331 2122 1477 2205 Carere
1495 2119 1613 2231 igitur
1632 2118 1714 2205 hoc
1739 2115 1944 2234 significat,

556 2261 672 2351 egere
693 2258 768 2340 eo,
783 2232 898 2348 quod
924 2232 1069 2318 habere
1083 2230 1186 2316 velie
1222 2230 1321 2315 lnell
1341 2234 1445 2316 enim
1466 2231 1562 2317 velle
1582 2231 1624 2318 iu
1658 2234 1859 2335 carendo;
1879 2236 1943 2325 nisr

554 2360 653 2435 cum
676 2350 754 2453 src,
781 2370 970 2461 tanquam
995 2350 1035 2431 in
1056 2343 1182 2448 febn',
1208 2344 1374 2450 dicitur,
1393 2344 1465 2432 alia
1488 2346 1660 2461 quadam
1681 2352 1849 2435 notione
1861 2376 1944 2440 ver-

553 2460 609 2553 bi.
638 2466 791 2549 Dicitur
813 2462 919 2575 enim
934 2461 1011 2547 alio
1036 2458 1300 2546 modoetiam
1324 2488 1473 2565 carere,
1495 2456 1588 2552 cium
1608 2461 1757 2575 aliquid
1784 2467 1946 2552 nonha-

555 2578 676 2683 beas,
698 2578 739 2663 8(
757 2606 841 2670 non
863 2574 1005 2661 habere
1029 2598 1068 2661 te
1090 2574 1245 2679 sturiae,
1267 2579 1384 2661 eriam
1408 2576 1435 2661 lr
1461 2574 1504 2660 id
1526 2576 1636 2667 facile
1671 2576 1828 2689 patiare.
1865 2585 1944 2669 Ca

558 2721 642 2781 rere
664 2712 795 2779 autem
816 2688 943 2798 malo,
966 2686 1009 2775 id
1022 2718 1107 2776 non
1124 2688 1291 2779 dicitur:
1306 2718 1380 2775 nec
1398 2693 1503 2806 enim
1514 2692 1606 2777 effer
1624 2690 1854 2779 dolendum.
1874 2697 1945 2793 Di,-
2102 2761 2103 2776 .

555 2813 661 2896 citur
683 2805 803 2911 illud,
824 2802 935 2893 bono
954 2811 1108 2894 carere:
1131 2802 1248 2921 quod
1270 2804 1326 2891 est
1343 2805 1499 2891 malum
1536 2802 1613 2893 Sed
1644 2834 1694 2891 ne
1715 2807 1830 2894 vivus
1858 2808 1945 2920 qui·
2102 2879 2103 2922 Ν

553 2922 651 3009 dem
678 2922 792 3033 bono
818 2944 947 3026 earet,
977 2922 1006 3007 sr
1033 2947 1085 3005 eo
1110 2950 1194 3007 non
1223 2919 1383 3034 indiget.
1421 2920 1499 3011 Sed
1522 2919 1564 3005 in
1589 2925 1686 3011 vivo
1710 2922 1869 3036 intelligi
1887 2948 1946 3011 ta·

388 3111 397 3136 „
555 3050 648 3127 'rnen
675 3036 827 3151 potest,
860 3062 984 3149 regno
1004 3042 1155 3122 carere:
1187 3034 1266 3121 diei
1286 3057 1415 3125 autem
1440 3036 1519 3121 hoc
1544 3038 1584 3121 iu
1601 3056 1641 3124 te
1661 3036 1745 3124 satis
1768 3034 1951 3134 subtiliter.

554 3180 645 3237 non
665 3150 816 3265 potest:
847 3152 974 3265 pollet
995 3152 1036 3234 in
1060 3150 1301 3263 Tarquinio,
1327 3154 1423 3236 crim
1440 3178 1564 3266 regnu
1583 3152 1675 3239 erret
1688 3150 1880 3267 expulsus.
1897 3157 1947 3239 At

555 3272 597 3353 in
620 3272 785 3352 mortuo
811 3291 860 3351 ne
884 3264 1040 3380 intelligi
1053 3264 1215 3379 quidem
1228 3264 1367 3380 potest
1395 3270 1539 3353 Carere
1550 3265 1656 3351 enim
1674 3265 1945 3356 sentientisere

556 3408 631 3466 nec
654 3380 776 3489 sensus
795 3380 836 3490 in
857 3404 1020 3467 mortuo
1038 3413 1048 3467 ε
1064 3408 1115 3464 ne
1136 3407 1265 3465 carere
1283 3379 1446 3496 quidem
1478 3381 1595 3495 igitur
1620 3388 1662 3469 in
1692 3404 1858 3473 mortuo
1881 3379 1946 3475 ‚est-
2102 3479 2103 3482 Ν

555 3504 796 3619 Quanquam
822 3492 920 3609 quid
946 3488 1123 3609 opus'est
1148 3500 1190 3580 in
1217 3497 1297 3581 hoc
1319 3494 1604 3609 philosophari,
1629 3500 1724 3583 crim
1754 3524 1835 3581 rem
1862 3524 1947 3582 non

556 3638 799 3725 magnopere
824 3608 1071 3723 philosophii
1092 3637 1206 3723 egere
1232 3606 1460 3704 videamus?
2102 3611 2103 3666 ἰ

480 3722 1947 3956 'u..ffllnlnltllllll‘llllrll.l¹llll²mu5l“r
2102 3821 2103 3864 *

992 3905 995 3911 ·
1935 3877 1948 3927 l

556 3961 781 4059 timeretur,
807 3984 890 4041 non
908 3960 949 4041 L.
972 3960 1109 4041 Brutus
1135 3982 1266 4039 arcens
1288 3982 1380 4039 eum
1404 3956 1532 4043 reditu
1555 3982 1793 4071 tyrannum,
1822 3985 1947 4069 quern

557 4069 637 4182 ipse
660 4070 883 4184 expulerat,
908 4074 948 4155 in
975 4070 1107 4182 praelio
1135 4070 1383 4159 concidillet:
1412 4102 1496 4157 non
1517 4100 1611 4158 cum
1632 4072 1776 4157 Latinis
1808 4071 1951 4159 deuer-

556 4206 642 4277 rans
668 4210 776 4299 pater
793 4185 967 4290 Decius,
991 4214 1084 4271 cum
1106 4183 1268 4271 Etruscis
1291 4184 1416 4291 filius,
1444 4218 1537 4273 cum
1556 4190 1708 4303 Pyrrho
1732 4186 1948 4299 nepos,se
2102 4215 2103 4266 r

556 4300 729 4387 hostium
752 4300 833 4387 telis
857 4300 1114 4415 objecillent:
1149 4330 1234 4388 non
1265 4330 1349 4387 uno
1373 4301 1474 4389 bello
1499 4331 1575 4415 pro
1612 4306 1733 4417 patria
1763 4301 1951 4390 uadentes

395 4506 399 4515 ,
553 4420 759 4529 Scipiones
779 4416 962 4530 Hispania
984 4415 1162 4519 vidillet,
1188 4416 1414 4504 Paulum&
1440 4421 1653 4504 Geminum
1670 4422 1843 4522 Cannar,
1865 4422 1948 4502 Ve·
2102 4413 2103 4478 l

552 4534 663 4617 nufia
685 4530 931 4638 Marcellum,
946 4530 1071 4619 latini
1082 4530 1454 4637 Albinum,l.ucani
1468 4535 1700 4620 Gracchum.
1729 4540 1843 4622 Num
1856 4526 1951 4647 quis
2102 4563 2103 4644 5

553 4647 700 4735 horum
718 4649 829 4734 miser
846 4646 1004 4736 hodie?
1024 4656 1089 4737 Ne
1110 4670 1194 4734 tum
1217 4649 1382 4776 quidem
1406 4648 1498 4767 post
1514 4648 1686 4763 spirirum
1703 4671 1951 4737 extremum:
2102 4647 2103 4660 '

551 4784 629 4859 nec
648 4762 757 4851 enim
776 4763 913 4886 potest
936 4766 1014 4857 elle
1041 4763 1152 4856 miser
1178 4762 1384 4886 qumuam
1415 4764 1522 4854 stulu
1548 4789 1767 4883 perempto.
1816 4775 1885 4967 'Al
1902 4762 1954 4849 id
2102 4813 2103 4832 ι
