4259 5592
297 468 379 545 .,“·
433 458 755 557 „LIBER
812 453 1324 555 SECUNDUS
1505 496 1585 583 555

194 654 309 739 nur:
326 646 539 765 religione,
560 648 703 751 idest,
718 643 826 736 cultu
847 645 1037 755 deorum,
1055 650 1183 740 multo
1204 651 1430 768 superiores.

186 860 189 866 ,
252 769 316 852 An
342 767 437 851 Attii
462 769 580 851 Navii
602 763 718 851 lituus
740 761 826 869 ille,
855 795 940 879 quo
964 765 1019 851 'ad
1044 768 1354 883 investigandum
1369 771 1379 812 ⁵
1397 769 1501 876 sitem
1523 798 1586 858 re-

224 884 333 966 iones
356 879 737 981 vineaetetminavit,
749 880 1062 966 contemnendus
1076 882 1152 973 est?
1166 882 1380 968 Crederem
1394 946 1407 987 ,
1419 882 1488 968 nisr
1505 885 1585 995 ejus

195 910 398 1108 iaugurio
430 1020 499 1077 rex
520 994 708 1081 Hostilius
731 998 907 1099 maxima.
928 994 1024 1081 bella
1049 994 1219 1111 gessisset.
1255 998 1331 1083 Sed
1356 996 1606 1114 negligentis

197 1106 435 1213 nobilitatis,
464 1108 616 1222 augurii
641 1105 839 1219 disciplina
863 1112 1025 1215 omissa,
1039 1114 1178 1196 veritas
1200 1116 1461 1225 auspiciorum
1486 1115 1589 1226 spre-

196 1246 235 1312 ta
259 1223 341 1328 est,
367 1222 508 1339 species
534 1218 685 1309 tanturn
708 1247 865 1311 retenta.
894 1232 1028 1343 ltaque
1046 1230 1225 1312 maxima
1254 1225 1470 1341 reipublice
1498 1257 1588 1343 par-

195 1361 279 1443 tes,
309 1342 348 1423 in
366 1342 433 1425 *his
454 1336 573 1442 bella,
595 1335 739 1454 quibus
763 1337 979 1453 reipublice
1000 1340 1095 1426 saltu
1111 1344 1359 1446 continetur,
1381 1342 1493 1428 nullis
1518 1372 1592 1430 au-

195 1454 321 1568 spiciis
347 1452 659 1541 administrantur
670 1484 683 1557 3
696 1452 797 1538 nulla
810 1454 1035 1568 peremnia⁷
1053 1456 1272 1563 servmtur,
1286 1456 1388 1547 nula
1404 1458 1417 1497 ⁸
1432 1486 1481 1543 ex
1495 1488 1591 1545 acu-

195 1564 393 1671 minibus3
421 1568 513 1655 nulli
535 1567 636 1659 viri’
653 1589 869 1675 vocantur,
893 1600 943 1657 ex
964 1570 1111 1685 quoin
1141 1574 1350 1686 procinblu
1370 1576 1592 1662 testamenta

194 1687 414 1794 perierunt
436 1686 541 1768 Turn
567 1682 671 1767 enim
695 1684 792 1770 bella
812 1712 947 1798 gerere
964 1685 1085 1772 nostri
1107 1685 1229 1773 duces
1253 1692 1472 1802 incipiunt,
1496 1695 1591 1777 curn

195 1797 363 1910 auspicia
389 1795 610 1911 posuerunt.
653 1806 705 1885 At
725 1801 821 1885 verb
848 1798 958 1915 apud
977 1800 1140 1913 majores
1176 1826 1280 1889 tanta
1307 1804 1503 1919 religionis
1532 1810 1591 1891 vis

196 1912 296 2015 fuit,
319 1934 363 1998 ut
387 1909 550 2027 quidam
569 1916 819 2028 imperatores
836 1921 951 2004 etiam
974 1916 1113 2027 seipsos
1131 1915 1206 2002 diis
1225 1918 1509 2005 immortalibus
1523 1948 1592 2005 ca-

196 2026 276 2138 pite
291 2026 428 2114 ‘velato
454 2026 581 2114 verbis
602 2033 713 2114 certis
731 2030 764 2065 ¹⁰
781 2058 857 2143 pro
880 2029 1078 2143 republica
1099 2029 1350 2119 devoverent.
1387 2034 1511 2120 Multa
1541 2058 1592 2119 ex

195 2140 386 2255 Sibyllinis
410 2142 772 2246 vaticinationibus,
797 2142 924 2229 multa.
941 2172 988 2229 ex
1009 2140 1258 2259 haruspicum
1278 2148 1463 2261 responsis
1477 2180 1592 2236 com·

196 2282 415 2342 memorare
436 2257 668 2369 possumus,
696 2258 842 2370 quibus
863 2284 909 2344 ea
928 2256 1235 2367 confirmentur,
1263 2290 1353 2377 quae
1374 2261 1496 2349 dubia
1521 2292 1593 2349 ne-

142 2428 145 2433 *
194 2375 291 2457 nuni
319 2370 466 2463 debent
490 2373 577 2458 effe.
672 2437 675 2449 .
1548 2431 1552 2438 ,

201 2534 210 2547 ·
254 2491 373 2601 Atqui
396 2488 441 2572 bc·
463 2488 687 2575 nostrorum
706 2514 932 2603 augurum,
957 2489 997 2575 &
1022 2488 1273 2578 Etruscorum
1288 2492 1339 2598 ¹¹,
1357 2496 1397 2582 lit
1416 2494 1663 2637 haruspi-J‘·

878 2609 913 2690 A
942 2633 965 2689 a
992 2633 1016 2689 a
1043 2632 1088 2689 a.
1125 2638 1148 2691 2
1197 2641 1201 2646 ·
1495 2638 1588 2696 cum

196 2814 266 2891 alios
288 2832 400 2891 quoque
431 2814 531 2877 fluvios
555 2812 693 2893 auspicato
720 2815 870 2878 naulirent
910 2815 1135 2895 quesolebant,
1154 2815 1226 2879 boui
1255 2815 1358 2880 ominis
1377 2815 1482 2898 gratis,
1507 2815 1593 2879 Vale·

197 2896 272 2955 Hinc
291 2916 325 2956 ex
351 2894 500 2975 disciplina
526 2896 626 2957 veteris
656 2918 691 2957 ne
712 2898 787 2959 lediu
807 2920 872 2979 pro
910 2896 983 2970 rius,
1001 2897 1128 2967 Salvius,
1146 2895 1301 2969 Statorius,
1323 2898 1440 2968 vietor,
1458 2915 1515 2975 quo
1532 2896 1595 2974 qui⁴

196 2976 296 3039 venisse
317 2996 416 3039 monet
424 2975 533 3039 *Cicero
544 3012 556 3049 ‚·
567 2978 603 3039 de
618 2976 683 3039 Dir.
692 2917 745 3041 ib.
759 2981 796 3039 II.
812 3000 873 3058 cap.
910 2980 978 3039 dem
1005 2978 1038 3039 &
1055 2976 1173 3039 blutem
1196 2980 1228 3039 dc
1245 2978 1393 3044 vitreriam
1414 2978 1464 3039 libi
1485 2976 1593 3039 omina·

198 3075 289 3137 36.ut
305 3080 397 3119 amnes
412 3082 465 3119 non
477 3060 609 3140 transeat
626 3060 759 3143 arrspitatb.
779 3062 873 3123 Idau-
910 3063 1012 3121 banau
1031 3081 1040 3130 3
1060 3062 1139 3138 quod
1158 3060 1258 3132 idem,
1276 3079 1309 3123 ut
1328 3078 1412 3131 reor,
1438 3057 1541 3119 militet
1561 3059 1593 3121 in

196 3160 256 3203 tem
273 3142 377 3219 flumen
392 3142 535 3224 auspicatae
547 3182 556 3212 ,
575 3146 645 3221 qnod
663 3143 715 3221 sua
733 3142 824 3225 sponte
845 3147 873 3203 in
910 3141 1056 3220 procinctu
1070 3142 1268 3203 taliamentum
1286 3141 1386 3203 faduri
1403 3140 1594 3203 imitabantur.

197 3244 302 3283 mem
320 3224 422 3301 institit,
443 3239 475 3284 ut
500 3222 625 3301 loquitur
644 3222 741 3286 Festus
759 3223 791 3283 in
812 3230 875 3284 Ma·
909 3226 989 3285 Nam
1007 3221 1055 3283 etsi
1073 3264 1082 3294 ,
1098 3222 1279 3301 impendente
1295 3222 1424 3284 maximo
1436 3222 1535 3286 mortis
1544 3244 1594 3303 pe·

197 3306 265 3365 mss
283 3306 356 3385 faur,
387 3307 431 3365 Ita
447 3304 521 3366 cerrd
548 3304 647 3366 locum
677 3304 796 3366 restituit
819 3303 874 3366 Jos
910 3304 1017 3373 riculo,
1042 3302 1079 3364 fic
1102 3304 1193 3365 testari
1223 3304 1366 3366 solebant:
1393 3322 1507 3375 umen,
1524 3304 1595 3365 viris

197 3386 323 3465 Scaliger
330 3404 450 3461 „quem
471 3388 508 3448 de
535 3385 615 3447 variis
634 3392 797 3469 peremnitrm
825 3406 874 3467 ge·
913 3390 1058 3449 bonorum
1079 3385 1231 3448 nominum
1250 3386 1372 3457 somus,
1398 3386 1449 3447 fibi
1466 3387 1498 3446 dc
1517 3386 1591 3448 salu·

198 3467 310 3529 ueribus
325 3465 390 3529 vide
409 3467 441 3527 fis
458 3470 494 3529 ad
520 3488 622 3530 vocem
642 3476 773 3527 Perenne.
793 3470 873 3529 Dav.
911 3486 970 3529 tem
985 3468 1017 3528 ὃ(
1031 3465 1179 3528 victoriam
1189 3466 1406 3546 auspicabantur.
1427 3468 1484 3528 Sed
1501 3488 1594 3548 genus

212 3586 215 3593 ·
240 3556 267 3609 8.
289 3548 370 3609 Nulla
388 3570 419 3608 ex
448 3552 635 3620 acuminibus]
656 3550 779 3611 Illorum
811 3568 872 3611 me-
911 3549 984 3610 illud
997 3546 1154 3610 testamenti
1171 3549 1202 3609 in
1224 3547 1437 3610 desuetudinem
1455 3547 1595 3610 abiisse&-

197 3627 280 3689 minit
304 3630 356 3692 lib.
366 3632 404 3689 II.
417 3632 452 3691 de
464 3629 558 3691 Diria.
569 3650 630 3711 cap.
643 3649 691 3709 3⁶·
719 3638 811 3711 Itaque
829 3652 875 3691 nec
913 3632 959 3691 hle
969 3630 1036 3691 dicit
1052 3630 1175 3701 Cicero,
1186 3630 1398 3693 &Iustiniauus
1411 3628 1502 3691 resera
1515 3635 1594 3691 Viros

194 3728 287 3771 mnes
309 3710 444 3789 transeunt
460 3714 602 3795 αιψτατὸ,
632 3734 678 3773 nec
701 3715 810 3795 nprtdio
827 3734 875 3773 atr·
915 3732 1010 3773 tamen
1036 3716 1128 3772 amari
1153 3711 1241 3791 priseo
1289 3732 1374 3774 enere
1402 3710 1536 3773 orationis
1557 3712 1592 3773 dc
1705 3726 1708 3731 ·

186 3790 424 3875 ,ῷὶεαηωινζΝαηι
442 3814 473 3853 ex
493 3796 654 3855 carminibus
675 3798 794 3875 quidem,
806 3798 876 3875 qarod
921 3790 1067 3875 religionis
1092 3791 1189 3868 dixit,
1210 3813 1242 3856 ut
1266 3732 1290 3855 ἕ
1302 3792 1453 3855 Macrobio
1469 3809 1592 3872 apparet,

195 3893 287 3933 rorum
310 3874 447 3956 atrspirium
474 3878 585 3935 militm
604 3876 706 3955 εμὰς.
746 3876 803 3936 Sed
826 3896 874 3936 cu·
915 3874 964 3937 lib.
976 3880 999 3936 1.
1017 3876 1127 3936 Sanun.
1143 3894 1204 3954 cap.
1219 3891 1264 3936 16.
1279 3874 1316 3935 sic
1333 3873 1468 3936 scribente
1491 3880 1593 3935 :Vrtur

196 3954 319 4034 jusmodi
340 3956 396 4015 hoc
423 3955 578 4035 auspicium
603 3956 712 4026 fuerit,
741 3955 875 4037 Sigonius
916 3979 1010 4017 auare
1024 3957 1102 4037 feriis
1118 3978 1170 4016 nort
1188 3974 1284 4040 oportet
1303 3956 1354 4037 :fi
1365 3960 1594 4097 υοιαυενὶταΊαὶ·

197 4036 247 4101 lib.
271 4040 310 4098 II.
328 4040 360 4097 da
376 4042 483 4119 antiquo
499 4040 559 4097 sure
579 4043 796 4107 Provinciarum,
816 4058 876 4117 cap.
917 4040 1002 4101 nalum
1017 4040 1057 4119 est.
1077 4039 1186 4099 Iterum
1206 4058 1215 4095 τ
1234 4040 1360 4100 tardant
1378 4056 1479 4097 veteres
1549 4040 1594 4097 vi-

140 4141 147 4155 ·
198 4132 234 4187 ὅ,
257 4121 289 4179 dc
307 4118 521 4180 Rofinuslib.l.
536 4125 754 4202 Antiquustom.
771 4138 878 4199 caps,
917 4144 960 4181 ros
974 4120 1108 4181 vocandm
1122 4124 1199 4179 etiam
1213 4121 1286 4191 dies,
1306 4124 1353 4199 qui
1370 4116 1445 4199 affetu
1463 4123 1596 4191 unauna,

196 4200 290 4263 adlruc
308 4201 520 4279 incompertum
550 4201 600 4261 sibi
621 4203 673 4263 esse
696 4202 771 4263 ultro
790 4201 877 4264 saten-
917 4199 1098 4279 bumvufir.
1117 4202 1257 4260 Torreat.
1278 4200 1493 4262 Adversxxru.
1509 4220 1554 4261 12.

196 4300 251 4343 tur.
270 4282 418 4344 Gerartius
435 4304 545 4354 autem,
558 4284 589 4343 &
604 4282 739 4346 fidenter:
759 4288 880 4364 Egonon
960 4306 1007 4344 10.
1027 4284 1115 4344 Verbis
1137 4287 1238 4353 certis]
1258 4286 1334 4341 Cena
1351 4282 1435 4339 verba
1452 4277 1596 4359 strntlegi·

195 4366 308 4435 drtbr'to,
332 4363 422 4445 inquit
438 4404 448 4435 ,
472 4365 638 4427 Eleelorum
660 4364 776 4427 suorum
801 4364 879 4435 ,libro
916 4364 986 4426 rima
1002 4365 1034 4424 dc
1049 4361 1185 4424 solemnia
1195 4404 1205 4433 ,
1215 4365 1293 4440 quod
1310 4382 1346 4422 ex
1362 4361 1597 4431 Cicerone,Var·

195 4450 221 4507 1.
229 4466 290 4524 cap.
303 4470 338 4517 2,
353 4447 461 4529 mspicia
481 4468 516 4507 ex
528 4446 706 4508 acuminibus
728 4468 759 4506 ea
777 4447 823 4529 effe
838 4451 878 4507 di—
918 4467 988 4507 rone
997 4446 1027 4506 &
1038 4447 1062 4505 F
1062 4444 1122 4507 ello
1132 4444 1229 4506 docuit
1237 4448 1322 4505 Barn.
1333 4442 1484 4504 Brissouius
1496 4444 1520 4502 F
1520 4462 1594 4504 orm.

195 4528 262 4597 esa,
279 4550 336 4609 φα
354 4550 385 4587 ex
406 4530 545 4612 cuspidibus
567 4528 704 4609 signorum
729 4529 879 4590 militarium
918 4528 968 4590 lib.
983 4530 1005 4587 Ι.
1022 4525 1141 4589 vide&
1160 4525 1309 4607 Augulliu.
1320 4526 1355 4585 C.
1368 4528 1404 4584 D.
1423 4524 1474 4585 lib.
1487 4530 1524 4586 V.
1535 4544 1596 4602 cap.
1642 4565 1646 4573 s

194 4607 267 4670 terrai
281 4606 428 4687 emissorum
441 4614 613 4694 capiebantur.
635 4613 800 4671 Lasciuos.
923 4617 969 4671 rt.
989 4608 1081 4688 Ipsam
1106 4608 1262 4669 formulam
1282 4605 1466 4686 suppeditabit
1480 4606 1597 4675 Livius,

238 4713 267 4760 9.
290 4694 363 4753 Nulli
375 4696 430 4753 viri
455 4714 600 4764 voeannrr,
619 4714 650 4751 ex
669 4713 722 4773 qsto
738 4694 768 4750 t'rt
780 4694 882 4773 procin-
920 4692 970 4754 lib.
984 4692 1064 4757 vm.
1076 4709 1137 4768 cap.
1147 4711 1176 4760 9.
1196 4694 1353 4752 Davrsrus.

194 4772 244 4833 siu
266 4772 413 4852 elimenta
439 4781 596 4857 periuram]
618 4773 698 4835 Ciam
731 4771 804 4834 olim
834 4774 882 4833 de·
966 4794 1012 4836 11.
1034 4773 1219 4853 Emporium,
1252 4769 1289 4837 ὰ
1319 4770 1478 4853 haruspicum
1497 4776 1509 4840 ]
1531 4770 1597 4829 Hac

197 4852 287 4918 ledus
316 4856 492 4929 habebam,
514 4854 602 4939 primi
627 4854 706 4937 citati
727 4852 882 4933 nominari·
912 4853 1291 4936 .quidemlediio,quamris
1305 4850 1597 4993 earansreriuppnu

1223 4950 1226 4955 '
1504 4954 1522 4993 a
1550 4950 1599 5007 ut:
