4259 5592
496 454 785 546 ernau
842 434 1266 551 renerus.
1501 502 1572 583 ¹93

182 628 466 759 magnitudine
494 646 602 730 Nam
619 635 711 728 cbm
729 636 957 744 affimatio,
985 669 1073 755 qua
1096 640 1184 749 ιῖἰα
1202 640 1368 752 dicitur,
1387 674 1518 765 neque
1533 658 1574 739 in

179 755 300 845 bonis
323 780 520 845 numerata
539 760 609 863 sn,
632 784 762 872 neque
785 755 911 840 rursus
926 757 966 841 in
987 756 1121 843 maiis:
1145 782 1510 877 quantumcumque
1523 774 1574 854 eb

176 871 408 976 addideris,
433 877 474 957 in
495 872 566 959 suo
587 899 729 986 genere
748 867 931 956 manebit
972 870 1056 957 Alia
1083 872 1137 957 est
1156 878 1273 986 igitur
1298 884 1462 990 propria·
1477 882 1574 969 asti-

173 993 303 1091 matio
319 986 493 1072 virtutis:
517 1015 605 1099 qua
622 1011 789 1098 genere,
815 1014 900 1068 uon
924 983 1158 1090 crescendo,
1180 988 1288 1073 valet.
1714 1000 1715 1005 '

234 1106 325 1186 Nec
352 1104 446 1185 verb
468 1098 778 1211 perturbationes
798 1103 1042 1205 animorum,
1066 1130 1154 1214 quae
1177 1106 1294 1185 vitam
1316 1104 1575 1217 insipientium

175 1212 350 1299 miseram
378 1213 638 1328 acerbstmque
649 1214 840 1318 reddunt,
858 1215 989 1327 (quas
1011 1218 1136 1299 Graci
1148 1211 1253 1297 aaa
1266 1218 1478 1330 appeliant:
1494 1250 1575 1333 po-

177 1350 296 1414 tetam
320 1355 397 1441 ego
425 1328 592 1413 verbum
615 1328 741 1443 ipsum
774 1332 1050 1443 interpretans,
1079 1328 1242 1414 morbos
1267 1330 1484 1445 appellare:
1509 1334 1574 1419 sed

178 1472 261 1529 non
285 1441 512 1531 conveniret
532 1442 584 1528 ad
614 1447 771 1531 omnia:
795 1447 882 1556 quis
903 1447 1009 1527 enim
1031 1440 1355 1547 misericordiam,
1375 1468 1442 1532 aut
1453 1446 1572 1559 ipbm

178 1556 440 1659 iracundiam,
465 1555 652 1645 morbum
673 1556 766 1644 solet
787 1556 938 1649 dicere?
960 1584 999 1643 at
1025 1555 1077 1640 iiii
1101 1556 1238 1642 dicunt
1256 1556 1387 1649 odiu.
1428 1564 1483 1645 Sit
1496 1562 1572 1674 igi-

179 1694 245 1772 tur
262 1670 493 1781 praedatio
518 1736 533 1776 ,
561 1696 653 1787 'quae
679 1675 841 1759 nomine
867 1670 953 1783 ipso
976 1671 1111 1757 vitiosa
1138 1671 1319 1758 declarari
1353 1671 1507 1759 videtur
1521 1680 1571 1785 t)

176 1812 255 1889 nec
281 1787 339 1870 ha
361 1784 669 1899 perturbationes
691 1786 732 1872 vi
752 1784 880 1901 aliqua
906 1786 1065 1871 naturali
1093 1808 1330 1872 moventur:
1359 1788 1574 1903 omne'sque

177 1900 235 1983 ha
255 1899 349 2001 sunt,
365 1926 505 2012 genere
524 1922 718 2013 quatuor,
742 1898 915 2011 partibus
934 1900 1089 2013 plures,
1115 1898 1333 2015 agritudo,
1357 1902 1532 1988 formido
1554 1966 1567 2007 ,

176 2010 340 2117 libido,
371 2022 573 2131 quamque
607 2017 727 2102 Stoici
753 2019 957 2100 communi
983 2018 1144 2102 nomine
1180 2018 1358 2127 corporis
1389 2018 1572 2115 &animi

178 2122 303 2211 esan
324 2130 535 2241 appeliant,
550 2158 633 2243 ego
648 2128 751 2216 malo
764 2127 932 2214 laetitiam
944 2129 1145 2242 appellare,
1162 2130 1266 2241 quafi
1280 2128 1471 2243 gestientis
1486 2130 1571 2213 ani-

176 2246 229 2326 mi
247 2240 457 2329 elationem
473 2244 742 2359 voluptariam
770 2242 1082 2329 Perttubationes
1108 2264 1236 2327 autem
1253 2242 1354 2327 nulia
1372 2265 1514 2329 natura
1531 2245 1570 2327 vi

177 2380 501 2444 commoventur:
528 2362 804 2473 omnisqueea
824 2356 910 2441 sunt
928 2361 1137 2469 opiniones
1160 2383 1206 2441 ac
1225 2355 1368 2463 judicia
1397 2357 1567 2443 levitatis.

178 2475 312 2583 ltaque
337 2474 395 2559 his
420 2472 567 2586 sapiens
593 2476 739 2585 semper
758 2468 919 2557 vacabit.

230 2588 365 2670 Omne
383 2610 512 2672 autem
524 2650 537 2691 ,
562 2586 676 2701 quod
703 2584 910 2671 honestum
927 2583 995 2687 su,
1017 2582 1060 2666 id
1084 2583 1161 2668 esse
1186 2604 1346 2697 propter
1384 2582 1419 2666 se
1445 2612 1567 2698 expe·
1581 2646 1636 2662 .-

174 2697 359 2805 tendum,
384 2729 596 2785 commune
617 2696 733 2787 nobis
759 2700 812 2784 est
836 2728 927 2784 cum
956 2696 1171 2801 multorum
1199 2696 1363 2783 aliorum
1393 2698 1567 2811 philoso-
1587 2712 1628 2763 ¹¹

174 2814 349 2922 phorum
372 2812 575 2899 sententiis.
616 2817 881 2901 Praeter.enim
901 2832 976 2895 tres
997 2809 1212 2925 disciplinas
1232 2874 1245 2915 ,
1268 2839 1354 2923 qua
1385 2816 1568 2899 virtutem

173 2932 197 3009 a
219 2926 372 3021 summo
397 2927 509 3015 bono
528 2928 763 3033 excludunt,
787 2931 932 3014 caeteris
953 2920 1137 3015 omnibus
1162 2926 1401 3039 philosophis
1421 2928 1569 3015 haecest

172 3040 320 3127 tuenda
345 3041 553 3147 sententia,
574 3041 741 3129 maxime
757 3066 886 3128 tamen
908 3043 968 3125 his
990 3037 1153 3144 Stoicis,
1178 3044 1246 3153 qui
1274 3037 1367 3124 nihii
1393 3040 1498 3125 afiud
1524 3048 1565 3127 in

173 3150 375 3239 bonorum
404 3184 595 3261 numero,
615 3158 684 3241 nisr
699 3156 930 3257 honestem,
944 3154 1020 3237 eise
1033 3154 1250 3239 voluerunt
1279 3151 1355 3238 Sed
1379 3155 1567 3271 hacqui-

170 3266 266 3351 dem
284 3270 339 3353 est
359 3270 596 3381 perucilis&
614 3268 863 3385 perexpedita
877 3267 1061 3353 defensio.
1092 3270 1192 3385 Qsis
1205 3266 1258 3350 est
1271 3271 1463 3371 enim,aut
1476 3274 1566 3383 quis

172 3408 350 3495 unquam
375 3382 448 3471 fuit
470 3405 538 3470 aut
562 3383 717 3470 avaritiis
734 3408 813 3469 tam
832 3383 1008 3483 ardenti,
1030 3405 1098 3466 aut
1121 3406 1202 3465 tam
1233 3382 1423 3467 effrenatis
1451 3388 1565 3499 cupi-

171 3492 386 3600 ditatibus,
413 3520 457 3582 ut
479 3499 647 3583 eandem
669 3498 766 3583 illam
798 3524 905 3600 rem,
934 3522 1054 3610 quam
1080 3492 1237 3607 adipisci
1259 3493 1392 3581 scelere
1419 3503 1565 3611 quovis

171 3610 264 3694 veiit
276 3666 303 3713 ,-
314 3640 397 3695 non
417 3612 544 3698 mritis
561 3609 731 3725 partibus
755 3610 860 3697 malit
881 3608 931 3695 ad
950 3608 1046 3711 sese,
1066 3614 1178 3694 etiam
1202 3613 1311 3694 omni
1334 3614 1562 3724 impunitate

171 3726 400 3838 proposita,
427 3728 504 3811 sme
527 3728 723 3833 ficinore,
748 3730 867 3843 quarn
897 3725 959 3809 ilio
982 3721 1111 3809 modo
1133 3727 1331 3837 pervenire
1342 3722 1366 3806 ,2
1478 3746 1481 3767 =

291 3838 395 3922 Tom.
442 3840 504 3925 H.
979 3837 1088 3923 .ss'b'
1431 3842 1565 3960 Qam
1702 3886 1705 3891 ,

167 4107 276 4159 num,
300 4095 391 4151 nostia
412 4090 489 4171 fassa
506 4092 568 4172 est]
589 4091 637 4153 Sic
661 4092 805 4153 victorius
825 4092 856 4153 &
890 4099 945 4156 titia
954 4094 1032 4176 fassa
1045 4096 1086 4175 est.
1106 4094 1185 4170 Quin
1199 4094 1230 4153 &
1247 4094 1564 4167 La'mbiuus'exhibuit,

166 4170 313 4259 Grumus
331 4170 491 4245 ediderunt,
513 4194 567 4234 nec
588 4173 669 4235 aliter
688 4172 856 4235 omnesfere
888 4180 1111 4273 maxumum
1145 4176 1205 4255 μ’,
1225 4176 1295 4237 boni
1310 4178 1397 4235 nnbr'a
1413 4178 1491 4255 faria
1512 4179 1563 4255 est:

167 4249 303 4309 oodrces.
320 4251 396 4326 Quid
411 4271 508 4315 autem
517 4254 568 4315 sibi
585 4254 676 4316 velint
688 4256 746 4315 hac
757 4257 854 4329 verba,
888 4260 972 4337 idque
984 4279 1043 4319 non
1054 4258 1113 4319 mas
1129 4299 1137 4316 .
1157 4255 1235 4328 Arii,
1248 4258 1373 4319 bonomo
1382 4263 1473 4319 notitia
1486 4285 1494 4319 ε
1514 4280 1564 4340 par

29 4387 30 4390 ,
161 4326 326 4423 ριιιξῆηὲπι
347 4335 461 4413 usipus
479 4334 511 4396 fit
531 4355 659 4416 oportet,
673 4335 721 4417 qui
746 4336 853 4399 dixerit.
888 4339 1046 4405 tumeatis,
1066 4342 1222 4403 Drvurus.
1585 4362 1586 4365 ’

161 4412 258 4487 Quid
272 4430 364 4474 autem
380 4413 517 4478 inruente
536 4417 630 4480 noster
645 4418 788 4489 habuerit,
802 4420 851 4481 do·
931 4442 976 4495 ¹9·
999 4426 1060 4481 Non
1072 4420 1202 4503 acceffione
1224 4438 1306 4500 neque
1328 4418 1474 4499 crescendo]
1498 4422 1560 4482 Hoc

161 4509 214 4553 eet
239 4491 312 4553 eum
329 4496 416 4574 paulo
439 4497 501 4577 post
527 4500 566 4560 ait
583 4505 701 4561 animm
722 4502 851 4561 collatione
885 4524 920 4564 ex
940 4524 975 4567 ao
989 4501 1109 4581 sequitur
1128 4543 1138 4572 ,
1154 4502 1228 4580 quod
1248 4499 1348 4563 Stoicis
1369 4500 1466 4563 omnia
1483 4503 1559 4563 bona

159 4577 284 4635 wionis
312 4580 348 4637 ad
378 4582 508 4641 nouom
533 4582 605 4644 boui
631 4586 778 4664 peremne.
797 4578 850 4642 Ms
885 4582 936 4645 sint
954 4582 1079 4663 oquasia
1098 4582 1241 4664 Diogenes
1262 4581 1388 4645 Laertius
1408 4604 1559 4646 vruror.

159 4652 523 4737 Scaliger-anuinium
564 4666 850 4747 ‚quodemmmpo-
884 4664 1008 4743 videfis
1028 4664 1061 4725 ὅ(
1077 4660 1148 4731 infra
1164 4684 1224 4745 cap.
1242 4684 1288 4740 14.
1320 4686 1353 4728 ac
1377 4666 1515 4729 Senecam
1534 4684 1562 4739 c:

149 4738 417 4819 fuibonumboni
434 4683 690 4824 minabamur.
710 4746 847 4838 Legohoc
885 4746 1007 4828 pisiam
1027 4748 1117 4810 lum.

157 4824 591 4917 qumqwdernnmposusf
606 4826 852 4913 horumpbomno‘
