4259 5592
537 451 592 528 ω
861 389 1031 520 aar.
1089 421 1636 514 ctcaaouls

533 621 625 724 tes,
648 615 766 732 idque
791 614 1044 728 unpissrmtrm
1069 611 1147 698 else
1168 612 1302 717 dicas,
1326 613 1368 698 a
1396 609 1652 726 pleniffimtun
1682 609 1929 716 temeritatis3

539 729 694 822 tantiam
718 727 788 818 tibi
811 755 993 842 arroges,
1024 749 1070 812 ut
1103 753 1280 840 exponas
1299 725 1537 840 disciplinam
1573 723 1790 838 apicum,
1812 751 1929 823 natu,

541 879 623 936 ram
654 875 782 933 rerum
803 849 982 932 omnium
995 839 1180 947 evolvas,
1203 869 1333 928 mores
1353 840 1504 956 fingas,
1519 838 1616 923 fines
1636 837 1932 938 bonomium,

539 965 753 1074 lorumque
776 963 1007 1064 constitum,
1033 955 1167 1040 officia
1200 953 1414 1059 describas,
1439 983 1563 1066 quam
1585 951 1706 1038 vitam
1736 957 1931 1070 ingrediar

538 1075 700 1164 definias
715 1139 728 1178 ‚
743 1073 930 1186 idemque
950 1069 1066 1156 etiam
1085 1069 1306 1184 disputandi
1331 1073 1370 1157 &
1397 1065 1632 1186 intelligendi
1654 1067 1846 1193 judicium
1866 1072 1931 1156 di.

539 1221 605 1280 cas
631 1213 669 1275 te
691 1191 729 1274 δι
755 1187 961 1284 artificium
987 1184 1237 1272 tradimrum:
1263 1183 1466 1299 perficies,
1484 1208 1529 1269 ut
1549 1183 1930 1296 ego,1stainntm1e.

540 1304 672 1392 rabilia
695 1297 983 1422 compleslens',
1006 1300 1196 1414 nusquam
1217 1298 1357 1386 labar?
1392 1297 1485 1384 nihil
1515 1303 1679 1413 opiner?
1708 1305 1809 1422 Qua
1839 1325 1931 1386 tan-

537 1419 632 1504 dem
659 1443 705 1502 ea
729 1418 784 1500 cll
813 1413 1035 1528 disciplina,
1060 1412 1111 1498 ad
1135 1444 1256 1528 quam
1275 1441 1342 1500 me
1354 1413 1525 1498 deducas
1542 1474 1556 1517 ,
1574 1412 1603 1494 st
1619 1404 1668 1493 ab
1690 1413 1931 1502 hacabstra-

540 1535 667 1624 aeris?
695 1537 868 1634 Vereor,
895 1555 948 1614 ne*
972 1523 1472 1642 subarrogantersacias,s1
1496 1526 1641 1612 dixeris·
1660 1549 1779 1612 tuam
1806 1528 1930 1642 Atqui

531 1652 593 1738 ita
619 1641 725 1732 dicas
752 1645 901 1732 necesse
923 1643 989 1728 est
1030 1648 1175 1758 Neque
1200 1647 1295 1733 verb
1319 1667 1364 1728 tu
1391 1642 1519 1746 solus,
1542 1640 1608 1726 sed
1643 1667 1710 1724 me
1734 1641 1787 1726 ad
1808 1644 1929 1730 suam

538 1762 702 1878 quisque
728 1759 858 1874 rapiet
1210 1869 1214 1873 ἴ
1783 1785 1788 1792 ·

596 1883 703 1990 Age,
728 1873 897 1960 restitero
924 1870 1211 1984 Peripateticis,
1236 1876 1305 1987 qui
1327 1868 1395 1959 stbi
1424 1898 1517 1955 cum
1541 1865 1761 1956 oratoribus
1774 1899 1927 1984 cogna-
2034 1948 2038 1959 .

537 1993 690 2078 tionem
715 1990 817 2094 else,
838 1987 910 2102 qui
927 1985 1049 2071 claros
1069 1985 1174 2073 viros
1192 1987 1263 2073 ise
1282 1988 1486 2072 inllmslos
1508 1983 1639 2069 dicant
1653 1982 1930 2098 rempublicam

539 2105 635 2218 sape
665 2103 828 2190 rexisset·
853 2101 1062 2188 sustinuero
1094 2101 1335 2214 Epicureos,
1361 2123 1423 2186 tot
1449 2109 1561 2186 meos
1592 2100 1821 2203 familiares,
1847 2124 1928 2188 tam

539 2216 699 2322 bonos,
720 2239 800 2302 tam
819 2214 969 2302 interse
995 2237 1166 2302 atnantes
1189 2213 1318 2300 viros:
1346 2213 1531 2302 Diodoto
1551 2210 1650 2327 quid
1674 2214 1810 2299 faciam
1821 2215 1929 2302 Stoi-

537 2357 770 2555 {iiiiii
784 2327 1930 2558 ill{sessills‘auil2'32‘giilililiiz

862 2516 871 2535 a
1282 2505 1296 2549 2
1505 2516 1515 2535 ι

540 2559 784 2648 contemnit?

597 2677 760 2777 Nostra,
775 2674 949 2786 inquies,
970 2669 1253 2758 solaverasunt
1281 2671 1509 2776 Certesola,
1528 2672 1672 2760 srveta.
1700 2671 1929 2759 Pluraenim

539 2816 631 2874 vera
649 2785 897 2900 discrepantia
922 2787 997 2872 ess'e
1021 2813 1105 2870 non
1123 2789 1293 2900 possunt.
1322 2785 1460 2874 Utrum
1483 2791 1608 2901 igitur
1620 2817 1694 2874 nos
1714 2785 1929 2899 impuden-

539 2901 813 3108 aaar
836 2901 1120 3102 irrita

539 3130 635 3240 dico
659 3128 760 3214 scire
788 3133 975 3244 Optime:
998 3156 1140 3243 nempe
1159 3047 1339 3226 iliaqscire
1350 3153 1366 3234 ,’
1383 3081 1469 3244 qirae
1487 3131 1572 3214 sunt
1587 3079 1705 3217 intua
1716 3130 1923 3243 disciplina.

542 3253 636 3346 Hoc
665 3239 834 3358 primiun
864 3244 978 3359 quale
1001 3243 1127 3349 est‚ai
1159 3271 1246 3332 non
1273 3244 1438 3359 sapiente
1461 3244 1642 3360 explicari
1674 3241 1927 3360 sapientiam?

528 3359 620 3452 -Sed,
639 3358 878 3446 discedamus
897 3365 920 3446 a
936 3357 1240 3473 nobismetipsts:
1265 3359 1317 3446 de
1330 3363 1501 3474 sapiente
1524 3361 1753 3475 loquamur:
1773 3358 1926 3474 dequo

537 3477 618 3586 (ut
643 3473 741 3589 saepe
766 3475 840 3585 jam
863 3471 975 3584 dixi)
998 3477 1126 3559 omnis
1145 3477 1236 3560 hac
1256 3475 1418 3587 quaestio
1442 3476 1508 3560 est.
1655 3508 1660 3516 ·
1817 3543 1820 3548 .

597 3596 731 3676 intres
755 3593 871 3708 igitur
891 3612 1015 3702 partes
1035 3589 1074 3676 δι
1094 3594 1120 3676 a
1140 3588 1328 3707 pleriffiue
1350 3586 1726 3704 &anobismetipsrs
1745 3589 1928 3676 distribu-

1811 3769 1817 3780 ·
1886 3730 1927 3794 ta

513 3915 517 3924 '
581 3919 608 3968 7.
628 3900 700 3962 Velut
720 3902 784 3961 illud
803 3903 893 3974 anti]
921 3903 990 3963 Non
1016 3919 1106 3964 muto.
1139 3901 1211 3960 Ante*
1248 3896 1327 3957 idem
1340 3898 1417 3973 quod
1427 3895 1619 4035 Diofenesex
1632 3883 1684 3960 illo
1690 3941 1700 3971 ‚
1721 3900 1769 3979 qui
1786 3905 1822 3961 de
1839 3904 1926 3962 rebus

538 3975 671 4060 fignificat
683 3981 732 4045 illa
743 3986 806 4044 ante*
823 3983 873 4052 else
884 3983 999 4062 quesita.
1030 3985 1142 4044 Ennea.
1155 3985 1211 4042 La
1249 3975 1353 4056 superis
1386 3999 1418 4038 ac
1448 3998 1481 4035 et
1497 3977 1599 4040 estibus
1619 3979 1783 4050 dissereret,
1811 3987 1928 4046 naeniae

539 4059 745 4126 cusLambino
760 4061 896 4143 suspectus
919 4063 986 4126 eli:
1008 4061 1213 4124 &certemen
1250 4058 1309 4120 aaa
1333 4058 1375 4118 rai
1394 4055 1483 4136 imai·
1504 4062 1610 4136 aquod
1629 4060 1714 4122 etiam
1731 4064 1816 4139 quim
1834 4063 1865 4123 fit
1881 4063 1928 4125 in-

537 4143 578 4204 do
595 4146 718 4220 quodam
736 4145 849 4208 laborat.
871 4149 992 4208 Mecum
1005 4145 1100 4226 legas,
1117 4143 1211 4205 venim
1249 4161 1377 4212 certum,
1395 4139 1561 4208 dottiffimus
1584 4139 1665 4221 Philo
1682 4147 1799 4224 *Judaeus
1809 4185 1818 4215 ‚
1832 4144 1925 4222 liquis

464 4295 470 4304 ⁸
538 4213 602 4286 iilud
616 4227 685 4295 aare}
696 4226 745 4288 nili
758 4227 859 4289 melius
870 4227 938 4306 quid
947 4225 1093 4289 inveneris.
1105 4227 1213 4287 Davrst
1248 4223 1278 4284 id
1289 4221 1406 4302 quatit,
1429 4218 1574 4298 exequitur
1591 4219 1717 4309 pluribua
1734 4223 1764 4284 in
1781 4225 1857 4287 libro
1875 4227 1927 4304 qui

582 4311 608 4363 8.
630 4305 779 4388 Priusquam
796 4312 981 4381 Archimedes]
1004 4305 1109 4382 Quaerit
1124 4327 1159 4368 an
1176 4304 1213 4365 sa·
1250 4305 1290 4366 est
1306 4303 1449 4384 discriptus
1468 4301 1520 4376 nili
1548 4299 1647 4378 c'nlpur.
1676 4306 1735 4367 Sed
1756 4307 1813 4368 huc
1833 4309 1927 4368 reret·

541 4381 618 4463 piens
646 4389 781 4466 juraturus
814 4389 845 4452 stt
870 4389 959 4454 solem
994 4391 1133 4468 majorem
1162 4387 1213 4448 elle
1249 4405 1350 4450 untur.
1372 4383 1505 4468 Postquain
1519 4385 1605 4466 igitur
1619 4387 1694 4446 hlca
1710 4385 1851 4450 Cicerone
1863 4387 1926 4448 scti-

539 4469 624 4552 quint
639 4485 757 4540 terram,
770 4467 854 4532 etiam
861 4470 1010 4555 priusqucim
1022 4470 1142 4532 rationes
1152 4469 1212 4528 illas
1252 4488 1333 4547 parm
1347 4468 1399 4528 elle
1408 4508 1418 4540 ,
1429 4489 1488 4531 nun
1505 4466 1673 4554 priusquam
1683 4490 1729 4540 ¹ue
1745 4470 1848 4550 sapiens
1865 4468 1926 4547 ipse

541 4548 741 4624 geomeuicas,
758 4551 858 4628 quibus
875 4553 904 4616 id
926 4552 1052 4626 efficitur,
1069 4549 1213 4614 audiverit.
1251 4553 1323 4628 iam,
1342 4547 1558 4629 opinor,jtuare
1574 4550 1693 4614 dubitet.
1713 4555 1777 4614 Hoc
1786 4551 1863 4614 enim
1875 4551 1928 4623 ait,

540 4629 575 4698 id
594 4645 688 4688 autem
709 4629 755 4690 rix
774 4631 883 4694 insanus
903 4633 1121 4714 secarit5potilu
1142 4653 1213 4712 qua
1250 4629 1402 4710 sapientem
1432 4653 1491 4693 non
1524 4633 1681 4712 juraturum
1714 4631 1805 4697 solem
1827 4632 1926 4694 multis

542 4705 612 4766 sterit
633 4727 668 4767 ex
694 4709 864 4774 Archimede
881 4715 940 4790 ipso
964 4738 1024 4778 non
1045 4711 1211 4776 stultiffimus
1254 4711 1375 4789 partibus
1397 4716 1536 4792 majorem
1565 4716 1617 4777 esse
1634 4719 1718 4793 quim
1739 4735 1859 4794 tetram,
1887 4735 1927 4777 ne

538 4784 652 4884 aliquis,
666 4785 734 4856 cim
755 4810 790 4862 ea
810 4792 986 4861 co‘rationes
1003 4817 1048 4861 aas
1059 4795 1194 4864 audiverit
1198 4832 1212 4880 ,
1252 4809 1315 4857 tutu
1328 4793 1445 4874 quidem
1456 4794 1527 4862 ciuu
1535 4787 1851 4864 neumades'raionoe
1863 4815 1926 4887 eaq,

1866 4897 1927 4964 qm'.
