4259 5592
443 436 1303 585 ntuensncunuus
1500 507 1592 624 t„

177 656 316 751 debuit
352 666 435 770 uti,
473 665 573 751 ficut
601 666 692 752 facit
716 690 786 767 re,
814 690 944 778 neque
965 663 1095 749 tamen
1116 658 1261 751 'dividit
1288 656 1424 750 verbis.
1466 669 1574 758 Citm
1668 688 1672 699 '

178 786 286 865 euim
312 808 399 865 eam
421 780 542 894 ipsam
562 780 827 892 voluptatem,
850 807 971 892 quam
995 777 1139 866 eodem
1163 785 1324 887 nomine
1344 807 1479 867 ornnes
1499 801 1593 901 ap!

149 922 153 927 ·
175 892 362 1007 pellamus
373 957 387 999 ,
413 892 543 980 laudat
563 893 657 980 locis
675 891 851 1003 plurimis
862 954 877 996 ,
906 895 1025 979 audet
1045 892 1202 996 dicere,
1225 924 1275 979 ne
1288 894 1461 1002 suspicari
1479 902 1592 1012 quis·

178 1004 271 1089 dem
291 1008 328 1091 se
351 1007 473 1115 ullum
496 1005 648 1093 bouum
684 1005 893 1116 stiuusium
917 1004 967 1091 ab
992 1005 1057 1093 illo
1083 1006 1304 1118 Aristippeo
1326 1014 1468 1121 genere
1492 1042 1589 1101 vo-··

175 1120 362 1232 luptatis:
385 1143 500 1237 atque
521 1119 575 1205 ibi
602 1123 682 1208 hoc
708 1119 803 1204 ditit
818 1184 832 1226 ,
850 1117 920 1206 ubi
933 1120 1164 1231 omuis'ejus
1178 1121 1232 1204 est
1256 1128 1383 1208 oratio
1397 1124 1449 1207 de
1464 1126 1587 1213 sum-¹

176 1261 244 1317 mo
273 1234 400 1341 bono,
427 1240 468 1331 ln
496 1234 572 1322 alio
597 1238 691 1321 verti
713 1230 849 1339 libro,
882 1240 923 1320 in
956 1266 1040 1353 quo
1075 1233 1241 1320 breviter
1279 1241 1565 1347 comprehensu

173 1340 393 1459 grauissimis
417 1349 632 1453 sententiis,
662 1350 768 1463 quasi
801 1348 956 1435 oracula
987 1347 1148 1436 edidisse
1170 1350 1360 1461 sapientiae
1386 1350 1565 1458 dicitur,

174 1456 299 1547 scribit
321 1461 379 1546 his
403 1461 549 1550 verbis:
575 1493 661 1578 quae
682 1487 775 1549 nota
789 1460 859 1548 tibi
872 1466 1080 1577 profesio,
1100 1464 1433 1577 Torquate,suut
1462 1473 1563 1594 Qiis

174 1580 281 1659 enim
303 1578 473 1663 vellrtim
492 1608 577 1663 non
600 1574 758 1663 edidicit
790 1575 946 1691 Epicuri
967 1581 1079 1684 κυρίας
1103 1573 1215 1678 δόξας
1235 1640 1249 1682 ,
1270 1578 1313 1675 id
1344 1578 1423 1683 est,
1455 1584 1563 1695 quast

181 1686 393 1791 ¹0martinse
415 1713 533 1795 ratas,
557 1697 649 1805 quia
667 1691 885 1803 graviffimae
910 1693 1046 1803 srntad
1065 1688 1176 1777 beare
1199 1690 1413 1778 vivendum
1434 1691 1575 1780 breve·

173 1825 233 1889 ter
258 1804 458 1890 enuntiate
475 1808 690 1894 sententia?
709 1806 982 1894 Animadverte
1002 1812 1141 1921 igitur,
1170 1808 1319 1891 rectene
1346 1808 1447 1893 hanc
1475 1808 1575 1892 sen-·

174 1922 334 2002 tentiam
355 1924 587 2034 interpreter.
616 1920 655 2005 Si
677 1946 723 2002 eu
739 1922 890 2034 ¹¹,quu
907 1926 1013 2025 fitur*
1025 1918 1425 2029 luxuriostrffcientia
1437 1926 1558 2008 “volu-
1632 2033 1634 2036 Ι

166 2055 357 2143 pratum,
381 2034 581 2117 liberarent
611 2064 667 2118 eos
692 2035 868 2137 deorum,
897 2036 943 2127 ῥ’
958 2038 1115 2137 mortis,
1129 2032 1176 2122 d*
1200 2035 1332 2115 doloris
1340 2060 1447 2118 metu
1459 2099 1473 2140 ,
1493 2040 1560 2117 do-
1597 2062 1601 2068 ’
1684 2098 1688 2107 .

174 2146 394 2261 crre'ntque,
415 2149 480 2261 qui
507 2149 613 2256 estut
625 2150 725 2262 fines
741 2149 1017 2261 cupiditatum:
1043 2147 1144 2232 nihil
1163 2148 1196 2183 ¹²
1212 2149 1455 2232 hurrrrmusr'
1475 2149 1571 2229 crini

175 2261 345 2372 undique
366 2266 626 2373 complerentur
660 2264 919 2374 voluptatibus
931 2326 945 2367 ,
978 2292 1039 2345 uer
1060 2261 1239 2343 haberent
1258 2265 1343 2344 ulla
1367 2292 1416 2345 rx
1447 2288 1559 2374 purte

174 2374 332 2489 aliquid
350 2400 424 2457 aut
438 2379 587 2482 dauns,
612 2401 685 2459 aut
709 2407 850 2491 agrum
862 2442 875 2482 ,
895 2378 941 2457 r‘d
954 2378 1003 2490 est
1013 2440 1026 2480 ,
1051 2400 1127 2484 aut
1145 2375 1303 2462 malum.
1410 2416 1415 2423 ·
1497 2417 1500 2424 ·
1597 2480 1601 2487 Ι

231 2493 327 2572 Hoc
347 2489 440 2577 loco
464 2492 500 2577 se
523 2516 650 2579 tenere
687 2494 854 2577 Triarius
885 2520 967 2578 non
992 2497 1134 2604 potuit.
1152 2490 1374 2596 Obsecro,
1401 2491 1560 2606 inquit,

173 2604 401 2715 Torquate,
434 2607 518 2691 haec
539 2607 634 2693 dicit
658 2602 883 2715 Epicurus?
911 2605 1039 2731 Qud
1064 2603 1160 2691 mihi
1186 2604 1348 2720 quidem
1365 2604 1466 2691 visus
1480 2608 1566 2709 est„

173 2712 267 2801 citm
286 2716 423 2822 sciret,
450 2720 545 2807 velle
565 2746 693 2807 tamen
709 2718 960 2805 confitentem
983 2716 1117 2805 audire
1137 2722 1397 2833 Torquatum
1431 2726 1483 2805 At
1503 2720 1570 2805 ille

173 2860 259 2915 non
281 2833 504 2947 pertimuit,
526 2837 692 2956 samque
713 2831 900 2939 fidenter,
920 2830 997 2923 lstis
1019 2832 1184 2949 quidem
1204 2833 1290 2949 ipsis
1318 2828 1470 2934 verbis,
1499 2836 1563 2918 in-

174 2944 289 3056 quit:
314 2947 378 3041 sed
404 2948 502 3065 quid
526 2949 681 3051 sentiat,
702 2978 786 3035 non
814 2947 963 3041 videtis.
993 2952 1032 3035 Si
1054 2948 1125 3036 alia
1148 2946 1279 3051 sentit,
1295 2951 1335 3030 in
1366 2974 1478 3051 uam,
1492 2946 1563 3033 alia

176 3058 379 3173 loquitur}
404 3092 608 3178 nunquam
628 3063 834 3178 intelligam
848 3061 946 3175 quid
959 3060 1112 3149 sentiat:
1127 3060 1190 3145 sed
1213 2976 1433 3175 planedicit
1447 3060 1565 3189 quod

174 3172 392 3369 iutelipant
422 3176 545 3294 ldque
567 3180 596 3262 st
619 3174 804 3280 indicit,
830 3206 914 3266 non
935 3178 1010 3262 else
1030 3175 1371 3289 reprehendendos
1382 3174 1562 3260 luxurio-⁴

174 3286 262 3399 sos,
298 3318 310 3370 ι
336 3290 519 3401 sapientes
542 3294 642 3399 lint,
663 3291 758 3377 dicit
781 3286 966 3376 absurde:
990 3290 1155 3377 similiter
1172 3292 1203 3331 ¹¹
1222 3291 1305 3375 &fi
1328 3288 1433 3410 dicat
1451 3306 1565 3392 ,non
1610 3324 1614 3330 ’

292 3401 394 3490 Tom.
431 3407 457 3489 Ι
458 3408 487 3491 Ι.
1033 3410 1059 3490 8
1430 3404 1563 3516 repre-⁵

173 3644 245 3711 illud
261 3652 296 3711 ad
315 3654 388 3715 aeut
401 3657 549 3719 vivendum
573 3656 686 3715 breviter
705 3654 850 3713 enuntiare.
891 3648 1049 3727 marginem
1065 3645 1186 3717 notarit,
1211 3667 1244 3706 ac
1262 3647 1307 3705 Fr.
1322 3645 1493 3706 Guietus&
1519 3641 1566 3701 Μ.

175 3730 331 3795 Divinus.
892 3728 1068 3791 Meibomius
1087 3726 1347 3789 animadverterunt.
1382 3724 1566 3792 Lambinus,

220 3830 264 3872 ιι.
286 3820 312 3874 Si
330 3836 361 3876 ιι
377 3834 436 3897 quae
446 3814 511 3894 fitur
526 3812 683 3895 lrtrruiqlis]
705 3815 799 3873 Graeea
828 3810 855 3871 se
892 3812 981 3873 Aldus
999 3827 1107 3887 nepos,
1127 3808 1229 3891 aliique
1254 3808 1347 3886 plures
1372 3804 1484 3894 edidere
1503 3801 1568 3861 nihil

174 3889 212 3957 fle
236 3892 340 3962 habent
353 3898 439 3973 ,apud
465 3895 627 3974 Diogenem
652 3895 797 3958 Lairtium
815 3898 855 3952 X.
893 3895 1011 3951 haberem
1029 3890 1097 3970 quod
1117 3892 1331 3971 reprehenderem⁴
1351 3887 1409 3947 Sed
1427 3887 1571 3961 Epmuue

171 3992 248 4041 ιιι.
273 3978 304 4032 Ei
321 3971 357 4035 ui
390 3974 503 4049 mul
522 3976 569 4035 ruit
594 3980 644 4053 περὶ
665 3975 720 4039 uie
747 3967 855 4038 alcime
892 3976 950 4033 haec
962 3972 1096 4064 pluraliter
1115 3971 1232 4038 exsilit,
1250 3971 1408 4041 eodemque
1444 3980 1566 4023 numero

175 4047 265 4115 tileth
290 4058 344 4117 &e
366 4060 399 4117 sn
419 4058 544 4121 editione
563 4058 738 4119 Welieniana
757 4059 855 4117 locum
892 4050 1116 4115 Tulliumusum
1132 4050 1209 4111 firilse
1227 4046 1394 4109 docetillud
1408 4046 1566 4137 heiminus,

173 4134 304 4211 corrupit
315 4138 563 4211 liLMeibomius,
587 4159 618 4199 ut
630 4138 724 4200 erralse
741 4138 857 4198 Cicero·
894 4137 972 4213 quod
986 4132 1025 4193 est
1038 4132 1069 4191 in
1090 4132 1151 4190 Mis.
1172 4134 1267 4205 Iraque
1278 4129 1360 4206 lego,
1383 4124 1448 4182 niati
1463 4123 1566 4181 labere«

172 4232 249 4275 rtem
265 4218 351 4297 longa
365 4222 519 4281 verborum
537 4223 658 4305 ambage
678 4218 775 4282 lrullri
791 4237 857 4279 con·
895 4238 974 4285 mus,
993 4217 1061 4295 quod
1072 4216 1317 4294 reprehenderemus.
1345 4208 1436 4299 ‘lum
1547 4228 1563 4253 -·.

172 4297 316 4359 tenderet
338 4302 423 4361 loen.
942 4318 984 4374 13·
1006 4296 1125 4355 Similiter
1138 4290 1197 4363 o]
1218 4293 1278 4348 Aut
1295 4286 1408 4362 fimdrrer
1426 4302 1456 4342 ιιι
1470 4280 1566 4361 legen·

218 4396 270 4437 ιι.
294 4380 367 4436 lsihil
392 4383 562 4454 sereremus]
584 4386 623 4440 At
648 4380 714 4453 Pell.
738 4396 792 4440 tres
825 4378 856 4438 &
897 4380 966 4451 dum
984 4377 1115 4445 ridetur,
1135 4390 1182 4432 aut
1197 4364 1431 4445 vereresfimiliter
1448 4363 1486 4422 im
1499 4382 1566 4421 cum

168 4457 294 4521 'killol-
319 4460 384 4517 nihil
399 4462 556 4523 haberemus.
575 4460 748 4524 Exciderunt
762 4476 858 4521 autem
897 4456 934 4521 ὀ*
951 4456 1082 4535 iunxisse,
1100 4471 1132 4511 ut
1152 4472 1219 4511 cum
1241 4472 1285 4518 ac,
1304 4466 1402 4537 atque,
1420 4464 1450 4505 ιι
1468 4454 1567 4521 putan-

169 4558 292 4619 propter
315 4535 495 4613 iretrrituiu
518 4562 602 4605 voees
648 4546 698 4603 uod
728 4544 860 4624 repulim-
898 4542 969 4609 dum
986 4536 1045 4605 eil,
1058 4534 1136 4611 quod
1152 4532 1293 4591 interdum
1311 4526 1567 4617 suspicor,utp0te

167 4622 312 4693 memus,
335 4641 368 4683 ut
387 4624 481 4703 aperte
495 4626 597 4685 docent
645 4644 731 4692 rauca,
752 4609 861 4682 oluae‘r
896 4618 965 4678 eiun
980 4615 1047 4693 stpe
1060 4610 1302 4673 animadverterim
1312 4604 1567 4703 uquldscrrprum

168 4699 230 4759 m'lr
253 4696 350 4783 lam&
368 4703 384 4762 δ’
393 4749 403 4775 ,
424 4730 445 4764 ιι
467 4702 656 4783 μμψιιίμιθιι
682 4706 776 4768 eluvie.
798 4706 862 4764 Hoc
898 4700 927 4759 in
947 4694 1063 4775 antiquis
1082 4692 1176 4763 libris,
1192 4692 1242 4753 ubi
1261 4690 1301 4754 eli
1323 4712 1354 4753 tn
1368 4688 1567 4753 recentioribus

166 4782 326 4849 etiam'rit
347 4787 448 4855 dotus
469 4784 507 4853 ad
534 4784 664 4853 editionis
691 4782 863 4869 stephania
899 4780 969 4866 uque
980 4796 1017 4845 ιιι.
1038 4780 1069 4841 Ρ.
1080 4774 1256 4840 Masurius.
