4259 5592
545 437 607 517 40
876 401 938 486 Μ.
994 395 1048 486 r.
1107 392 1649 521 crenaours

549 589 620 676 do.
650 594 703 676 lta
730 585 766 671 lie
795 582 959 671 uebatur
981 579 1098 666 etiam
1131 582 1310 693 opinari:
1334 582 1448 699 quod
1473 604 1518 670 tu
1536 613 1622 671 non
1642 582 1787 688 vim&
1811 585 1943 694 redd,

549 731 594 792 ut
609 704 710 789 mihi
730 615 880 785 videris.
897 708 901 716 ’
916 693 992 781 Sed
1011 691 1106 782 illud
1158 694 1327 803 timum,
1352 698 1585 813 sapientem,
1604 699 1634 783 st
1652 699 1864 788 assensums
1884 703 1943 788 es-

552 820 629 923 set,
654 824 766 903 etiam
786 816 1060 927 opinatururn,
1152 839 1222 896 um
1241 814 1319 898 else
1337 814 1377 900 δι
1397 819 1519 901 Stoici
1543 812 1705 918 dicunt,
1736 815 1776 899 &
1802 843 1943 905 eonrm

548 930 803 1044 adstipulator
832 927 1062 1013 Antiochus.
1098 925 1212 1012 Posse
1236 931 1457 1014 enimcum
1482 928 1568 1014 falsa
1597 931 1827 1032 iverim&
1854 962 1944 1046 qua

550 1075 640 1132 non
659 1047 821 1157 possunt
844 1044 1019 1154 percipi,
1043 1039 1093 1125 ab
1116 1043 1191 1144 iis,
1222 1070 1308 1154 qua
1340 1045 1506 1155 possint,
1529 1041 1771 1156 distinguere.
1810 1045 1941 1130 Nobis

547 1183 680 1247 aurem
704 1162 900 1273 primum,
926 1160 1041 1240 etiam
1059 1156 1089 1239 fi
1110 1155 1209 1270 quid
1235 1161 1381 1272 percipi
1408 1158 1550 1270 possit,
1584 1179 1716 1241 tamen
1736 1158 1818 1269 ipsa
1841 1187 1942 1246 con-

549 1272 716 1361 suetudo
743 1269 969 1359 assentiendi
994 1270 1209 1383 peticulosa
1230 1273 1306 1357 esse
1331 1271 1485 1356 videtur
1505 1274 1545 1357 &
1565 1271 1721 1358 lubrica.

608 1384 880 1507 Qamobrem
904 1381 996 1470 cinn
1018 1410 1097 1470 tam
1121 1387 1302 1472 vitiosum
1331 1389 1408 1472 else
1432 1387 1606 1493 constet,
1630 1385 1794 1472 assentiri
1821 1387 1941 1501 quid·

547 1534 671 1620 quam
697 1525 764 1588 aut
783 1501 915 1586 sallum
943 1520 1010 1585 aut
1029 1498 1304 1614 incognitum,
1326 1500 1542 1588 sustinenda
1573 1501 1627 1586 est
1653 1497 1787 1615 potiirs
1812 1508 1942 1588 omnis

546 1620 735 1720 assensio,
758 1644 808 1700 ne
837 1613 1279 1728 pracipitet,s1temere
1303 1618 1535 1728 processerit.
1572 1622 1625 1702 lta
1649 1620 1752 1702 enim
1777 1615 1940 1715 fittitima

549 1734 635 1821 sunt
662 1731 746 1816 salsa
766 1735 891 1831 verit,
918 1735 1045 1842 eique
1069 1759 1157 1840 qua
1171 1733 1542 1844 percipi²possunt,
1566 1731 1587 1838 (
1598 1731 1626 1815 sr
1644 1731 1770 1818 modo
1795 1760 1840 1818 ea
1853 1734 1940 1817 sunt

550 1846 752 1962 quadam:
779 1847 854 1957 jam
874 1847 978 1927 enim
1002 1840 1256 1950 videbimus)
1281 1869 1324 1928 ut
1355 1870 1484 1930 tamen
1499 1843 1588 1928 ⁶⁰in
1610 1845 1848 1958 precipitem
1874 1845 1937 1932 lo-

548 1993 640 2048 cum
660 1991 743 2047 non
773 1957 914 2043 debeat
933 1957 969 2040 se
985 1961 1132 2068 sapiens
1153 1963 1408 2044 comuirtete.
1436 1965 1502 2046 Sin
1533 1981 1664 2046 autern
1678 1959 1738 2062 ⁶¹,
1770 1964 1938 2050 omnino

549 2076 642 2162 nihil
667 2079 741 2162 else
762 2072 876 2188 quod
892 2071 1041 2184 percipi
1056 2073 1194 2184 possit,
1216 2077 1239 2159 l
1260 2101 1323 2158 me
1340 2075 1533 2188 sumpsero
1547 2077 1636 2177 ,&,
1656 2075 1771 2188 quod
1798 2099 1841 2160 tu
1860 2082 1938 2162 mi-

548 2193 590 2278 hi
608 2190 703 2296 das,
726 2214 941 2300 accepero,
964 2187 1170 2296 sapientem
1194 2186 1289 2272 nihil
1323 2192 1496 2302 opinari:
1519 2190 1705 2274 effesium
1725 2187 1817 2274 illud
1839 2189 1938 2295 erit,
2066 2269 2072 2276 .

549 2306 758 2418 sapientem
790 2298 952 2386 assensus
977 2327 1116 2384 omncs
1138 2302 1425 2390 cohibiturum:
1454 2325 1498 2387 ut
1531 2301 1602 2388 tibi
1625 2301 1839 2389 videndum
1864 2306 1938 2407 fit,

549 2423 639 2507 idne
657 2418 789 2519 malis,
816 2443 866 2501 an
893 2411 1039 2525 aliquid
1076 2421 1326 2526 opinaturum
1349 2421 1425 2504 esse
1446 2419 1664 2531 sapientem
1708 2417 1938 2522 Neutrum,

548 2539 727 2650 inquies,
753 2531 916 2638 illorum.
944 2531 1125 2616 Nitamur
1150 2535 1293 2643 igitur,
1313 2533 1408 2620 nihil
1433 2534 1545 2645 posse
1575 2532 1734 2646 percipi
1777 2533 1937 2620 Etenim

549 2647 601 2735 de
625 2677 676 2734 eo
698 2651 826 2734 omnis
849 2644 903 2727 est
923 2645 1194 2729 controversia.

473 2807 532 2826 ·-·
606 2762 683 2848 Sed
706 2757 811 2876 pribs
832 2787 956 2872 pauca
982 2759 1331 2884 cum-lintiochO,
1354 2762 1423 2875 qui
1454 2765 1536 2846 hac
1561 2760 1665 2875 ipsa,
1697 2791 1783 2876 qua
1819 2766 1843 2850 i
1870 2789 1937 2869 me

476 2875 528 2931 ²²
546 2875 838 2978 defenduntur,
859 2876 900 2959 &
920 2869 1057 2959 didicit
1075 2873 1416 2986 apud-Philonem
1446 2900 1526 2962 tam
1549 2875 1652 2979 diri,
1674 2901 1718 2962 ur
1746 2877 1938 2964 constaret

1843 2991 1938 3080 diu-

562 3125 1934 3147 mvn—nnn*-

548 3179 578 3239 ri.
599 3175 687 3237 Graeci
714 3193 814 3236 vocant
841 3167 964 3249 inipdon
998 3172 1029 3231 &
1051 3173 1155 3246 asfflm
1171 3171 1225 3247 pri-
1263 3175 1326 3245 prb,
1345 3190 1393 3231 aur
1419 3167 1576 3251 οἱσόδὶιξιι)
1604 3169 1825 3233 Conclulionem
1845 3167 1933 3248 igitur

548 3280 628 3318 mam
643 3275 749 3336 partem
764 3257 904 3323 connexi,
928 3273 960 3314 ut
979 3251 1128 3314 secundam
1140 3248 1225 3311 siser·
1261 3255 1334 3313 hanc
1359 3255 1461 3330 probat
1494 3254 1551 3314 hoc
1580 3252 1645 3330 ipso
1661 3255 1737 3330 qubd
1763 3249 1935 3329 sumptiones

547 3365 588 3420 go
605 3357 652 3401 aut
670 3339 770 3416 nipe.
794 3355 841 3397 aut
862 3332 981 3412 iuo'pdpn
1003 3379 1011 3404 ,
1037 3355 1097 3413 quae
1120 3335 1224 3396 Cicero
1259 3337 1346 3403 duas,
1365 3353 1401 3393 err
1416 3332 1516 3412 quibus
1526 3354 1560 3394 ea
1570 3333 1701 3408 fficitut,
1719 3333 1884 3401 confirmat,
1903 3332 1935 3392 id

549 3443 625 3482 nunc
643 3425 791 3480 antecedens
820 3416 856 3480 &¹
878 3425 1047 3499 consequens,
1076 3437 1151 3476 nunc
1168 3423 1222 3499 pri·
1259 3415 1315 3486 est,
1338 3415 1411 3494 quasi
1431 3419 1574 3496 σνγινςοῒ,
1594 3413 1786 3475 suisententii
1804 3431 1935 3490 compro·

548 3525 622 3564 mum
641 3499 676 3562 (7
690 3501 831 3579 secundum
843 3538 852 3568 ‚
866 3519 941 3558 nunc
952 3501 1069 3580 primum
1088 3495 1124 3559 θ
1142 3517 1222 3556 extre·
1257 3499 1327 3568 bar,
1357 3517 1405 3557 aut
1421 3501 1493 3560 adeo
1515 3495 1660 3558 confirmat
1688 3495 1843 3557 rationibus
1867 3493 1934 3554 alla-

547 3605 634 3651 mnm,
658 3581 762 3643 eisdem
784 3579 883 3658 quibus
904 3578 947 3638 illi
971 3577 1061 3641 verbis
1080 3577 1219 3656 exprimit
1256 3579 1298 3638 tis.
1325 3581 1361 3638 In
1378 3581 1435 3639 hoc
1455 3597 1550 3640 autem
1571 3576 1704 3638 convenit
1725 3574 1851 3636 mcesilae
1866 3579 1956 3636 cum'

545 3666 602 3736 llic
619 3683 714 3724 tamen
734 3681 815 3724 vocat
839 3665 979 3744 primum,
1001 3659 1123 3737 primam
1147 3659 1220 3720 sum·
1256 3662 1392 3729 Zenone,
1405 3659 1453 3738 qui
1470 3660 1580 3801 primur
1600 3658 1734 3719 omnium
1751 3655 1936 3736 philosopho-

545 3741 779 3824 ptionem,idell
799 3759 891 3803 rorum
911 3761 1082 3811 connexum,
1091 3761 1123 3802 ut
1133 3740 1218 3801 etiam
1255 3759 1320 3800 tum
1352 3740 1445 3801 statuit
1497 3742 1623 3820 pientem
1651 3740 1722 3799 nihil
1742 3739 1935 3811 opinaturum.

545 3827 630 3908 paulcl
649 3825 727 3904 post,
755 3821 921 3891 citmdicit,
940 3823 1069 3882 utillud
1083 3827 1219 3904 prinum,
1255 3825 1300 3881 De
1317 3823 1464 3883 Carneade
1479 3843 1523 3884 res
1544 3821 1584 3882 est
1603 3822 1674 3881 item
1693 3819 1845 3884 facillima3
1865 3840 1935 3878 non·

539 3904 897 4069 slsl'lsrsslllll
907 3901 1220 4061 issa-illlis&
1256 3901 1937 4066 sulsssssl‘ssffllffsgssii

545 4071 721 4148 postremum
747 4067 776 4130 in
794 4086 923 4128 connexo
941 4109 948 4136 ,
970 4025 1116 4144 Nrmqiram
1133 4085 1218 4126 aurem
1255 4066 1313 4137 cit,
1332 4065 1398 4142 quia
1411 4007 1620 4142 iionnunquam
1637 4061 1804 4122 contrariam
1823 4057 1935 4120 senten·

546 4154 690 4234 opinabitur
710 4173 719 4211 :
739 4173 798 4229 quae
815 4147 854 4210 est
873 4148 958 4209 etiam
972 4145 1093 4207 secunda
1101 4145 1221 4225 sumptio
1255 4147 1321 4207 tiam
1343 4150 1498 4226 probabat,
1516 4167 1549 4208 ut
1569 4141 1649 4221 supra
1670 4141 1756 4203 dixit:
1774 4144 1935 4202 Caroeam

546 4229 575 4292 in
601 4232 652 4292 hac
665 4233 848 4294 ‘conclusione
866 4228 988 4291 rationis.
1009 4231 1074 4287 Jam
1094 4228 1220 4288 Arcesilae
1256 4249 1341 4288 arerem
1355 4236 1433 4289 eriam
1449 4233 1503 4288 lteri
1520 4227 1688 4287 audiebamus
1700 4224 1806 4304 soliman
1827 4223 1871 4302 cffe
1886 4226 1933 4282 de-

545 4313 616 4372 tatio
633 4331 689 4372 tota
710 4314 748 4372 est
766 4311 911 4392 perfacilis.
952 4314 978 4370 Is
997 4311 1133 4387 probabat
1151 4329 1220 4372 con·
1255 4312 1306 4371 labi
1323 4313 1473 4380 inrerdnm,
1492 4327 1523 4367 ur
1541 4309 1632 4368 dicerer
1644 4310 1809 4389 opinaturum
1827 4303 1870 4385 effe
1884 4303 1934 4381 so

546 4393 716 4464 elusionem,
730 4393 760 4455 id
777 4395 816 4454 est
840 4387 1037 4471 cuprinam,
1049 4409 1082 4452 ut
1097 4391 1181 4451 etiam
1191 4390 1220 4450 in
1251 4398 1371 4476 piemon.
1392 4393 1430 4452 Et
1445 4388 1531 4470 paulb
1547 4405 1610 4449 ante
1628 4407 1698 4449 eunt
1720 4389 1819 4449 locum
1837 4387 1872 4448 de
1891 4389 1933 4444 al-

545 4473 596 4533 lib.
621 4477 674 4534 111.
694 4478 729 4535 de
757 4475 873 4537 Finibus
900 4473 1085 4540 conclusionis
1108 4473 1219 4534 tationis
1255 4473 1386 4539 senione.
1408 4480 1440 4532 sn
1456 4493 1509 4554 qua
1523 4471 1631 4542 meliis,
1649 4469 1754 4548 inquit,
1759 4469 1809 4549 fiis
1827 4467 1935 4546 constitit

546 4553 719 4635 postremam
738 4573 846 4632 partem
865 4555 945 4618 illam
954 4557 994 4617 stc
1018 4575 1101 4618 vocat
1120 4575 1128 4615 ε
1149 4559 1223 4614 Duo
1257 4552 1578 4636 Arcefilas,fiverasuur
1592 4571 1651 4647 pua
1667 4556 1699 4612 de
1714 4552 1844 4610 Cornmb
1864 4568 1933 4608 non·

545 4657 606 4694 rum
621 4654 725 4703 aurem,
738 4635 842 4712 inquit,
858 4641 876 4710 ξ
891 4641 983 4719 quibus
994 4639 1083 4720 efflrsla
1102 4633 1222 4773 ronrlffo
1257 4637 1321 4696 nulli
1329 4638 1477 4715 exfiimanr.
1498 4637 1584 4699 Vides
1595 4634 1681 4718 igitur
1691 4634 1850 4694 carneades
1861 4628 1933 4708 quid

546 4715 585 4799 ist·
608 4716 619 4797 (
636 4719 700 4775 Hoc
721 4716 779 4776 dixi
805 4721 881 4794 quod
914 4717 1050 4795 saepiffime
1070 4718 1171 4778 conclu
1194 4737 1224 4775 o
1254 4715 1303 4774 hle
1317 4720 1466 4795 probaret,
1480 4719 1511 4780 8(
1522 4719 1685 4798 quomodo:
1695 4715 1743 4776 vel
1758 4711 1851 4793 potitis
1862 4711 1933 4789 quid

544 4817 616 4874 nrm
631 4796 745 4880 neom
765 4817 862 4886 vocar,
882 4817 968 4885 quam
983 4797 1072 4880 {itaci
1093 4811 1224 4876 narrt:
1256 4796 1441 4879 munere
1460 4804 1590 4884 probare,
1621 4799 1656 4877 ld
1672 4795 1751 4860 enim
1771 4794 1838 4860 dicit
1849 4791 1953 4937 ἔξω·

1507 4890 1516 4908 ,
1848 4939 1853 4949 ¹
1876 4891 1933 4948 ω,
