<?xml version="1.0" encoding="UTF-8"?>
<!DOCTYPE html PUBLIC "-//W3C//DTD XHTML 1.0 Transitional//EN"
    "http://www.w3.org/TR/xhtml1/DTD/xhtml1-transitional.dtd">
<html xmlns="http://www.w3.org/1999/xhtml" xml:lang="en" lang="en">
 <head>
  <title>
</title>
<meta http-equiv="Content-Type" content="text/html;charset=utf-8" />
  <meta name='ocr-system' content='tesseract 3.04.00' />
  <meta name='ocr-capabilities' content='ocr_page ocr_carea ocr_par ocr_line ocrx_word'/>
</head>
<body>
  <div class='ocr_page' id='page_1' title='image "./opera00cicegoog/opera00cicegoog_0409.png"; bbox 0 0 4259 5592; ppageno 0'>
   <div class='ocr_carea' id='block_1_1' title="bbox 502 440 1595 585">
    <p class='ocr_par' dir='ltr' id='par_1_1' title="bbox 502 440 1595 585">
     <span class='ocr_line' id='line_1_1' title="bbox 502 440 1595 585; baseline -0.004 -46"><span class='ocrx_word' id='word_1_1' title='bbox 502 448 792 585; x_wconf 13' lang='lat' dir='ltr'>L-IquER</span> <span class='ocrx_word' id='word_1_2' title='bbox 848 440 1284 536; x_wconf 77' lang='lat' dir='ltr'><strong>TERTIUS.</strong></span> <span class='ocrx_word' id='word_1_3' title='bbox 1513 484 1595 563; x_wconf 73' lang='lat'>405</span> 
     </span>
    </p>
   </div>
   <div class='ocr_carea' id='block_1_2' title="bbox 132 627 1754 4419">
    <p class='ocr_par' dir='ltr' id='par_1_2' title="bbox 132 627 1754 4419">
     <span class='ocr_line' id='line_1_2' title="bbox 207 627 1604 741; baseline -0.009 -15"><span class='ocrx_word' id='word_1_4' title='bbox 207 638 301 725; x_wconf 91' lang='lat' dir='ltr'>nulli</span> <span class='ocrx_word' id='word_1_5' title='bbox 324 639 366 724; x_wconf 93' lang='lat' dir='ltr'>in</span> <span class='ocrx_word' id='word_1_6' title='bbox 392 660 588 741; x_wconf 73' lang='lat' dir='ltr'>murore,</span> <span class='ocrx_word' id='word_1_7' title='bbox 611 632 706 723; x_wconf 79' lang='lat' dir='ltr'>oiim</span> <span class='ocrx_word' id='word_1_8' title='bbox 725 633 778 721; x_wconf 89' lang='lat' dir='ltr'>de</span> <span class='ocrx_word' id='word_1_9' title='bbox 797 636 872 720; x_wconf 89' lang='lat' dir='ltr'>hac</span> <span class='ocrx_word' id='word_1_10' title='bbox 894 628 1103 740; x_wconf 66' lang='lat' dir='ltr'>communi</span> <span class='ocrx_word' id='word_1_11' title='bbox 1133 627 1342 718; x_wconf 89' lang='lat' dir='ltr'>hominum</span> <span class='ocrx_word' id='word_1_12' title='bbox 1371 632 1604 723; x_wconf 84' lang='lat' dir='ltr'>conditione</span> 
     </span>
     <span class='ocr_line' id='line_1_3' title="bbox 206 744 1604 880; baseline -0.004 -40"><span class='ocrx_word' id='word_1_13' title='bbox 206 752 465 856; x_wconf 81' lang='lat' dir='ltr'>audivissent,</span> <span class='ocrx_word' id='word_1_14' title='bbox 484 753 533 840; x_wconf 70' lang='lat' dir='ltr'>ee</span> <span class='ocrx_word' id='word_1_15' title='bbox 552 752 638 880; x_wconf 88' lang='lat' dir='ltr'>lege</span> <span class='ocrx_word' id='word_1_16' title='bbox 661 752 738 837; x_wconf 87' lang='lat' dir='ltr'>else</span> <span class='ocrx_word' id='word_1_17' title='bbox 756 778 831 836; x_wconf 91' lang='lat' dir='ltr'>nos</span> <span class='ocrx_word' id='word_1_18' title='bbox 854 767 992 854; x_wconf 87' lang='lat' dir='ltr'>natos,</span> <span class='ocrx_word' id='word_1_19' title='bbox 1010 767 1057 831; x_wconf 91' lang='lat' dir='ltr'>ut</span> <span class='ocrx_word' id='word_1_20' title='bbox 1077 773 1197 834; x_wconf 86' lang='lat' dir='ltr'>nemo</span> <span class='ocrx_word' id='word_1_21' title='bbox 1219 744 1508 861; x_wconf 85' lang='lat' dir='ltr'>inperpetuum</span> <span class='ocrx_word' id='word_1_22' title='bbox 1526 749 1604 834; x_wconf 87' lang='lat' dir='ltr'>else</span> 
     </span>
     <span class='ocr_line' id='line_1_4' title="bbox 205 860 1466 985; baseline -0.011 -30"><span class='ocrx_word' id='word_1_23' title='bbox 205 864 336 985; x_wconf 77' lang='lat' dir='ltr'>pulset</span> <span class='ocrx_word' id='word_1_24' title='bbox 361 894 499 982; x_wconf 83' lang='lat' dir='ltr'>expers</span> <span class='ocrx_word' id='word_1_25' title='bbox 518 866 608 951; x_wconf 84' lang='lat' dir='ltr'>malr</span> <span class='ocrx_word' id='word_1_26' title='bbox 629 930 644 971; x_wconf 89' lang='lat'>‚</span> <span class='ocrx_word' id='word_1_27' title='bbox 662 867 819 981; x_wconf 80' lang='lat' dir='ltr'>gravius</span> <span class='ocrx_word' id='word_1_28' title='bbox 842 865 959 948; x_wconf 88' lang='lat' dir='ltr'>etiam</span> <span class='ocrx_word' id='word_1_29' title='bbox 983 860 1118 949; x_wconf 88' lang='lat' dir='ltr'>tulilse.</span> <span class='ocrx_word' id='word_1_30' title='bbox 1462 862 1466 869; x_wconf 84' lang='lat'>&#39;</span> 
     </span>
     <span class='ocr_line' id='line_1_5' title="bbox 311 972 1754 1086; baseline -0.003 -19"><span class='ocrx_word' id='word_1_31' title='bbox 311 987 468 1071; x_wconf 86' lang='lat' dir='ltr'>uocirca</span> <span class='ocrx_word' id='word_1_32' title='bbox 493 980 738 1086; x_wconf 81' lang='lat' dir='ltr'>Carneades,</span> <span class='ocrx_word' id='word_1_33' title='bbox 755 1003 800 1065; x_wconf 89' lang='lat' dir='ltr'>ut</span> <span class='ocrx_word' id='word_1_34' title='bbox 826 976 948 1065; x_wconf 88' lang='lat' dir='ltr'>video</span> <span class='ocrx_word' id='word_1_35' title='bbox 971 976 1149 1064; x_wconf 87' lang='lat' dir='ltr'>nostrum</span> <span class='ocrx_word' id='word_1_36' title='bbox 1167 972 1328 1063; x_wconf 86' lang='lat' dir='ltr'>scribere</span> <span class='ocrx_word' id='word_1_37' title='bbox 1349 981 1605 1081; x_wconf 81' lang='lat' dir='ltr'><strong>Antiochum,</strong></span> <span class='ocrx_word' id='word_1_38' title='bbox 1619 1012 1678 1029; x_wconf 90' lang='grc'>-</span> <span class='ocrx_word' id='word_1_39' title='bbox 1750 1065 1754 1073; x_wconf 75' lang='grc'><em>,</em></span> 
     </span>
     <span class='ocr_line' id='line_1_6' title="bbox 207 1064 1675 1299; baseline -0.004 -114"><span class='ocrx_word' id='word_1_40' title='bbox 207 1096 493 1299; x_wconf 57' lang='lat' dir='ltr'>rmnfflnqiere</span> <span class='ocrx_word' id='word_1_41' title='bbox 518 1096 790 1210; x_wconf 79' lang='lat' dir='ltr'>Chryfippum</span> <span class='ocrx_word' id='word_1_42' title='bbox 808 1088 981 1199; x_wconf 86' lang='lat' dir='ltr'>solebat,</span> <span class='ocrx_word' id='word_1_43' title='bbox 1004 1089 1227 1180; x_wconf 81' lang='lat' dir='ltr'>laudantem</span> <span class='ocrx_word' id='word_1_44' title='bbox 1254 1092 1510 1207; x_wconf 83' lang='lat' dir='ltr'>Euripideum</span> <span class='ocrx_word' id='word_1_45' title='bbox 1522 1121 1607 1179; x_wconf 87' lang='lat' dir='ltr'>car·</span> <span class='ocrx_word' id='word_1_46' title='bbox 1624 1064 1675 1142; x_wconf 81' lang='lat'>²⁵</span> 
     </span>
     <span class='ocr_line' id='line_1_7' title="bbox 274 1241 646 1298; baseline -0.003 0"><span class='ocrx_word' id='word_1_47' title='bbox 274 1241 300 1298; x_wconf 92' lang='lat' dir='ltr'>o</span> <span class='ocrx_word' id='word_1_48' title='bbox 434 1242 447 1298; x_wconf 73' lang='lat' dir='ltr'>e</span> <span class='ocrx_word' id='word_1_49' title='bbox 639 1272 646 1297; x_wconf 57' lang='lat'><em>2</em></span> 
     </span>
     <span class='ocr_line' id='line_1_8' title="bbox 132 1240 1363 1455; baseline -0.002 -46"><span class='ocrx_word' id='word_1_50' title='bbox 132 1298 137 1304; x_wconf 26' lang='lat'>⁶</span> <span class='ocrx_word' id='word_1_51' title='bbox 208 1240 273 1299; x_wconf 64' lang='lat' dir='ltr'>me</span> <span class='ocrx_word' id='word_1_52' title='bbox 364 1243 573 1417; x_wconf 54' lang='lat' dir='ltr'>”Mortuus</span> <span class='ocrx_word' id='word_1_53' title='bbox 593 1352 699 1408; x_wconf 80' lang='lat' dir='ltr'>mnro</span> <span class='ocrx_word' id='word_1_54' title='bbox 722 1322 790 1437; x_wconf 73' lang='lat' dir='ltr'>ess,</span> <span class='ocrx_word' id='word_1_55' title='bbox 809 1353 922 1441; x_wconf 77' lang='lat' dir='ltr'>quem</span> <span class='ocrx_word' id='word_1_56' title='bbox 942 1352 1014 1408; x_wconf 82' lang='lat' dir='ltr'>mn</span> <span class='ocrx_word' id='word_1_57' title='bbox 1038 1324 1216 1455; x_wconf 69' lang='lat' dir='ltr'>attingat</span> <span class='ocrx_word' id='word_1_58' title='bbox 1234 1324 1363 1429; x_wconf 83' lang='lat' dir='ltr'>dolor,</span> 
     </span>
     <span class='ocr_line' id='line_1_9' title="bbox 384 1436 1318 1556; baseline -0.012 -25"><span class='ocrx_word' id='word_1_59' title='bbox 384 1436 634 1556; x_wconf 75' lang='lat' dir='ltr'>Morbtisquc.</span> <span class='ocrx_word' id='word_1_60' title='bbox 663 1436 801 1528; x_wconf 74' lang='lat' dir='ltr'>Multi</span> <span class='ocrx_word' id='word_1_61' title='bbox 818 1439 959 1543; x_wconf 69' lang='lat' dir='ltr'>’‘strnt.</span> <span class='ocrx_word' id='word_1_62' title='bbox 972 1441 1163 1523; x_wconf 73' lang='lat' dir='ltr'>humandi</span> <span class='ocrx_word' id='word_1_63' title='bbox 1183 1439 1293 1521; x_wconf 68' lang='lat' dir='ltr'>liberi</span> <span class='ocrx_word' id='word_1_64' title='bbox 1303 1502 1318 1543; x_wconf 88' lang='lat'>‚</span> 
     </span>
     <span class='ocr_line' id='line_1_10' title="bbox 311 1553 1360 1672; baseline -0.006 -33"><span class='ocrx_word' id='word_1_65' title='bbox 311 1645 320 1659; x_wconf 43' lang='lat'><strong>„</strong></span> <span class='ocrx_word' id='word_1_66' title='bbox 382 1553 553 1661; x_wconf 82' lang='lat' dir='ltr'><em>Rursum</em></span> <span class='ocrx_word' id='word_1_67' title='bbox 572 1555 742 1639; x_wconf 77' lang='lat' dir='ltr'>creandi:</span> <span class='ocrx_word' id='word_1_68' title='bbox 767 1561 934 1671; x_wconf 72' lang='lat' dir='ltr'>mdrsque</span> <span class='ocrx_word' id='word_1_69' title='bbox 960 1554 1135 1672; x_wconf 73' lang='lat' dir='ltr'>cstfim&#39;ta</span> <span class='ocrx_word' id='word_1_70' title='bbox 1155 1554 1360 1638; x_wconf 81' lang='lat' dir='ltr'>omnibus.-·</span> 
     </span>
     <span class='ocr_line' id='line_1_11' title="bbox 244 1664 1492 1787; baseline 0.002 -35"><span class='ocrx_word' id='word_1_71' title='bbox 244 1693 248 1701; x_wconf 83' lang='grc'>’</span> <span class='ocrx_word' id='word_1_72' title='bbox 382 1672 480 1781; x_wconf 70' lang='lat' dir='ltr'><em>Q</em></span> <span class='ocrx_word' id='word_1_73' title='bbox 495 1671 628 1784; x_wconf 76' lang='lat' dir='ltr'>generi</span> <span class='ocrx_word' id='word_1_74' title='bbox 648 1672 816 1753; x_wconf 79' lang='lat' dir='ltr'>humano</span> <span class='ocrx_word' id='word_1_75' title='bbox 841 1698 1018 1786; x_wconf 73' lang='lat' dir='ltr'>angorem</span> <span class='ocrx_word' id='word_1_76' title='bbox 1041 1670 1299 1787; x_wconf 78' lang='lat' dir='ltr'><em>nequidquam</em></span> <span class='ocrx_word' id='word_1_77' title='bbox 1320 1664 1492 1783; x_wconf 78' lang='lat' dir='ltr'>afferam.</span> 
     </span>
     <span class='ocr_line' id='line_1_12' title="bbox 384 1782 1364 1901; baseline -0.002 -34"><span class='ocrx_word' id='word_1_78' title='bbox 384 1782 592 1869; x_wconf 75' lang='lat' dir='ltr'>Reddenda</span> <span class='ocrx_word' id='word_1_79' title='bbox 614 1786 666 1901; x_wconf 80' lang='lat' dir='ltr'>est</span> <span class='ocrx_word' id='word_1_80' title='bbox 686 1808 789 1868; x_wconf 83' lang='lat' dir='ltr'>terrae</span> <span class='ocrx_word' id='word_1_81' title='bbox 812 1808 943 1872; x_wconf 80' lang='lat' dir='ltr'>tem:</span> <span class='ocrx_word' id='word_1_82' title='bbox 966 1809 1056 1871; x_wconf 81' lang='lat' dir='ltr'>tum</span> <span class='ocrx_word' id='word_1_83' title='bbox 1082 1784 1169 1869; x_wconf 81' lang='lat' dir='ltr'>vita</span> <span class='ocrx_word' id='word_1_84' title='bbox 1193 1785 1364 1869; x_wconf 78' lang='lat' dir='ltr'>omnibm</span> 
     </span>
     <span class='ocr_line' id='line_1_13' title="bbox 384 1896 1251 2017; baseline -0.001 -28"><span class='ocrx_word' id='word_1_85' title='bbox 384 1896 602 2006; x_wconf 62' lang='lat' dir='ltr'>emenda,</span> <span class='ocrx_word' id='word_1_86' title='bbox 621 1924 671 1984; x_wconf 82' lang='lat' dir='ltr'>ut</span> <span class='ocrx_word' id='word_1_87' title='bbox 677 1896 829 2017; x_wconf 69' lang='lat' dir='ltr'>finges.</span> <span class='ocrx_word' id='word_1_88' title='bbox 857 1902 913 1991; x_wconf 85' lang='lat' dir='ltr'>Sic</span> <span class='ocrx_word' id='word_1_89' title='bbox 922 1901 1042 2003; x_wconf 74' lang='lat' dir='ltr'>jubet</span> <span class='ocrx_word' id='word_1_90' title='bbox 1063 1907 1251 2015; x_wconf 80' lang='lat' dir='ltr'>necefflras.</span> 
     </span>
     <span class='ocr_line' id='line_1_14' title="bbox 210 2009 1614 2131; baseline -0.001 -30"><span class='ocrx_word' id='word_1_91' title='bbox 210 2009 392 2123; x_wconf 77' lang='lat' dir='ltr'>Negabat</span> <span class='ocrx_word' id='word_1_92' title='bbox 418 2043 544 2129; x_wconf 89' lang='lat' dir='ltr'>genus</span> <span class='ocrx_word' id='word_1_93' title='bbox 562 2020 645 2103; x_wconf 88' lang='lat' dir='ltr'>hoc</span> <span class='ocrx_word' id='word_1_94' title='bbox 669 2022 858 2104; x_wconf 87' lang='lat' dir='ltr'>orationis</span> <span class='ocrx_word' id='word_1_95' title='bbox 886 2016 1109 2131; x_wconf 86' lang='lat' dir='ltr'>quidquam</span> <span class='ocrx_word' id='word_1_96' title='bbox 1134 2017 1303 2103; x_wconf 87' lang='lat' dir='ltr'>omnino</span> <span class='ocrx_word' id='word_1_97' title='bbox 1331 2012 1382 2098; x_wconf 89' lang='lat' dir='ltr'>ad</span> <span class='ocrx_word' id='word_1_98' title='bbox 1408 2014 1614 2101; x_wconf 87' lang='lat' dir='ltr'>levandam</span> 
     </span>
     <span class='ocr_line' id='line_1_15' title="bbox 210 2123 1611 2245; baseline 0.004 -34"><span class='ocrx_word' id='word_1_99' title='bbox 210 2125 484 2241; x_wconf 71' lang='lat' dir='ltr'>egritudinem</span> <span class='ocrx_word' id='word_1_100' title='bbox 498 2123 706 2245; x_wconf 86' lang='lat' dir='ltr'>pertinere.</span> <span class='ocrx_word' id='word_1_101' title='bbox 729 2129 774 2216; x_wconf 95' lang='lat' dir='ltr'>ld</span> <span class='ocrx_word' id='word_1_102' title='bbox 793 2134 900 2215; x_wconf 89' lang='lat' dir='ltr'>enim</span> <span class='ocrx_word' id='word_1_103' title='bbox 927 2130 1055 2245; x_wconf 89' lang='lat' dir='ltr'>ipsum</span> <span class='ocrx_word' id='word_1_104' title='bbox 1082 2129 1300 2216; x_wconf 87' lang='lat' dir='ltr'>dolendum</span> <span class='ocrx_word' id='word_1_105' title='bbox 1321 2128 1398 2213; x_wconf 89' lang='lat' dir='ltr'>else</span> <span class='ocrx_word' id='word_1_106' title='bbox 1427 2126 1611 2235; x_wconf 86' lang='lat' dir='ltr'>dicebat,</span> 
     </span>
     <span class='ocr_line' id='line_1_16' title="bbox 210 2238 1612 2441; baseline 0.001 -114"><span class='ocrx_word' id='word_1_107' title='bbox 210 2238 326 2441; x_wconf 75' lang='lat' dir='ltr'>quod</span> <span class='ocrx_word' id='word_1_108' title='bbox 344 2247 387 2327; x_wconf 94' lang='lat' dir='ltr'>in</span> <span class='ocrx_word' id='word_1_109' title='bbox 410 2262 491 2331; x_wconf 86' lang='lat' dir='ltr'>tam</span> <span class='ocrx_word' id='word_1_110' title='bbox 500 2244 968 2333; x_wconf 78' lang='lat' dir='ltr'>cnidelem‘necellitatem</span> <span class='ocrx_word' id='word_1_111' title='bbox 983 2244 1258 2333; x_wconf 78' lang='lat' dir='ltr'>incidissemus.</span> <span class='ocrx_word' id='word_1_112' title='bbox 1286 2250 1393 2331; x_wconf 89' lang='lat' dir='ltr'>Nam</span> <span class='ocrx_word' id='word_1_113' title='bbox 1406 2243 1505 2329; x_wconf 71' lang='lat' dir='ltr'>ilum</span> <span class='ocrx_word' id='word_1_114' title='bbox 1518 2249 1612 2360; x_wconf 90' lang='lat' dir='ltr'>qui-</span> 
     </span>
     <span class='ocr_line' id='line_1_17' title="bbox 240 2356 1613 2447; baseline 0.003 -6"><span class='ocrx_word' id='word_1_115' title='bbox 240 2382 305 2441; x_wconf 89' lang='lat' dir='ltr'>em</span> <span class='ocrx_word' id='word_1_116' title='bbox 330 2363 551 2446; x_wconf 86' lang='lat' dir='ltr'>orationem</span> <span class='ocrx_word' id='word_1_117' title='bbox 588 2387 639 2445; x_wconf 82' lang='lat' dir='ltr'>ex</span> <span class='ocrx_word' id='word_1_118' title='bbox 664 2358 1044 2447; x_wconf 80' lang='lat' dir='ltr'>commemoratione</span> <span class='ocrx_word' id='word_1_119' title='bbox 1071 2360 1290 2445; x_wconf 86' lang='lat' dir='ltr'>alienorum</span> <span class='ocrx_word' id='word_1_120' title='bbox 1325 2356 1519 2445; x_wconf 89' lang='lat' dir='ltr'>malorum</span> <span class='ocrx_word' id='word_1_121' title='bbox 1561 2358 1613 2445; x_wconf 87' lang='lat' dir='ltr'>ad</span> 
     </span>
     <span class='ocr_line' id='line_1_18' title="bbox 211 2470 1615 2587; baseline 0.003 -30"><span class='ocrx_word' id='word_1_122' title='bbox 211 2470 430 2559; x_wconf 79' lang='lat' dir='ltr'>nmevolos</span> <span class='ocrx_word' id='word_1_123' title='bbox 450 2474 712 2562; x_wconf 85' lang='lat' dir='ltr'>consolandos</span> <span class='ocrx_word' id='word_1_124' title='bbox 743 2477 820 2562; x_wconf 87' lang='lat' dir='ltr'>else</span> <span class='ocrx_word' id='word_1_125' title='bbox 846 2473 1199 2562; x_wconf 84' lang='lat' dir='ltr'>accommodatam.</span> <span class='ocrx_word' id='word_1_126' title='bbox 1240 2474 1341 2559; x_wconf 86' lang='lat' dir='ltr'>Mihi</span> <span class='ocrx_word' id='word_1_127' title='bbox 1364 2476 1460 2558; x_wconf 80' lang='lat' dir='ltr'>verri</span> <span class='ocrx_word' id='word_1_128' title='bbox 1495 2474 1615 2587; x_wconf 75' lang='lat' dir='ltr'>longe</span> 
     </span>
     <span class='ocr_line' id='line_1_19' title="bbox 212 2582 1615 2677; baseline 0.002 -6"><span class='ocrx_word' id='word_1_129' title='bbox 212 2582 370 2671; x_wconf 88' lang='lat' dir='ltr'>videtur</span> <span class='ocrx_word' id='word_1_130' title='bbox 390 2586 509 2673; x_wconf 88' lang='lat' dir='ltr'>secus.</span> <span class='ocrx_word' id='word_1_131' title='bbox 550 2595 656 2677; x_wconf 89' lang='lat' dir='ltr'>Nam</span> <span class='ocrx_word' id='word_1_132' title='bbox 679 2589 720 2675; x_wconf 77' lang='lat' dir='ltr'>u</span> <span class='ocrx_word' id='word_1_133' title='bbox 743 2589 936 2675; x_wconf 83' lang='lat' dir='ltr'>necelstas</span> <span class='ocrx_word' id='word_1_134' title='bbox 969 2586 1136 2674; x_wconf 82' lang='lat' dir='ltr'>serendae</span> <span class='ocrx_word' id='word_1_135' title='bbox 1167 2585 1409 2677; x_wconf 88' lang='lat' dir='ltr'>conditionis</span> <span class='ocrx_word' id='word_1_136' title='bbox 1423 2590 1615 2675; x_wconf 69' lang='lat' dir='ltr'>humane</span> 
     </span>
     <span class='ocr_line' id='line_1_20' title="bbox 214 2698 1616 2820; baseline 0.005 -36"><span class='ocrx_word' id='word_1_137' title='bbox 214 2700 324 2815; x_wconf 75' lang='lat' dir='ltr'>quasi</span> <span class='ocrx_word' id='word_1_138' title='bbox 350 2727 442 2786; x_wconf 86' lang='lat' dir='ltr'>curn</span> <span class='ocrx_word' id='word_1_139' title='bbox 462 2701 543 2789; x_wconf 88' lang='lat' dir='ltr'>deo</span> <span class='ocrx_word' id='word_1_140' title='bbox 565 2724 742 2820; x_wconf 89' lang='lat' dir='ltr'>pugnare</span> <span class='ocrx_word' id='word_1_141' title='bbox 766 2698 991 2810; x_wconf 81' lang='lat' dir='ltr'>cohibet³⁷,</span> <span class='ocrx_word' id='word_1_142' title='bbox 1005 2702 1274 2817; x_wconf 74' lang='lat' dir='ltr'>admonetque</span> <span class='ocrx_word' id='word_1_143' title='bbox 1288 2703 1365 2788; x_wconf 85' lang='lat' dir='ltr'>effe</span> <span class='ocrx_word' id='word_1_144' title='bbox 1384 2704 1616 2791; x_wconf 80' lang='lat' dir='ltr'>hominem:</span> 
     </span>
     <span class='ocr_line' id='line_1_21' title="bbox 215 2816 1616 2933; baseline 0.001 -32"><span class='ocrx_word' id='word_1_145' title='bbox 215 2842 304 2929; x_wconf 79' lang='lat' dir='ltr'>quae</span> <span class='ocrx_word' id='word_1_146' title='bbox 334 2816 538 2928; x_wconf 21' lang='lat' dir='ltr'>cogitatio·</span> <span class='ocrx_word' id='word_1_147' title='bbox 555 2822 798 2933; x_wconf 75' lang='lat' dir='ltr'>magnopere</span> <span class='ocrx_word' id='word_1_148' title='bbox 820 2818 969 2905; x_wconf 77' lang='lat' dir='ltr'>uuum</span> <span class='ocrx_word' id='word_1_149' title='bbox 992 2817 1123 2905; x_wconf 83' lang='lat' dir='ltr'>levat:</span> <span class='ocrx_word' id='word_1_150' title='bbox 1154 2818 1193 2904; x_wconf 73' lang='grc' dir='ltr'>ἃ</span> <span class='ocrx_word' id='word_1_151' title='bbox 1216 2820 1457 2903; x_wconf 84' lang='lat' dir='ltr'>enumeratio</span> <span class='ocrx_word' id='word_1_152' title='bbox 1474 2828 1616 2904; x_wconf 61' lang='lat' dir='ltr'>,enema&#39;</span> 
     </span>
     <span class='ocr_line' id='line_1_22' title="bbox 214 2927 1615 3040; baseline 0.006 -30"><span class='ocrx_word' id='word_1_153' title='bbox 214 2927 396 3040; x_wconf 85' lang='lat' dir='ltr'>plorum,</span> <span class='ocrx_word' id='word_1_154' title='bbox 419 2961 504 3018; x_wconf 92' lang='lat' dir='ltr'>non</span> <span class='ocrx_word' id='word_1_155' title='bbox 530 2954 575 3017; x_wconf 92' lang='lat' dir='ltr'>ut</span> <span class='ocrx_word' id='word_1_156' title='bbox 595 2939 768 3019; x_wconf 87' lang='lat' dir='ltr'>animum</span> <span class='ocrx_word' id='word_1_157' title='bbox 802 2931 1085 3019; x_wconf 84' lang='lat' dir='ltr'>malevolorum</span> <span class='ocrx_word' id='word_1_158' title='bbox 1106 2930 1303 3036; x_wconf 71' lang='lat' dir='ltr'>oblectet,</span> <span class='ocrx_word' id='word_1_159' title='bbox 1335 2932 1517 3037; x_wconf 87' lang='lat' dir='ltr'>affertur,</span> <span class='ocrx_word' id='word_1_160' title='bbox 1549 2932 1615 3019; x_wconf 89' lang='lat' dir='ltr'>sed</span> 
     </span>
     <span class='ocr_line' id='line_1_23' title="bbox 215 3041 1724 3164; baseline 0.003 -38"><span class='ocrx_word' id='word_1_161' title='bbox 215 3065 263 3127; x_wconf 92' lang='lat' dir='ltr'>ut</span> <span class='ocrx_word' id='word_1_162' title='bbox 286 3041 369 3147; x_wconf 87' lang='lat' dir='ltr'>ille,</span> <span class='ocrx_word' id='word_1_163' title='bbox 392 3049 468 3156; x_wconf 85' lang='lat' dir='ltr'>qui</span> <span class='ocrx_word' id='word_1_164' title='bbox 488 3070 653 3154; x_wconf 87' lang='lat' dir='ltr'>moeret,</span> <span class='ocrx_word' id='word_1_165' title='bbox 676 3046 883 3133; x_wconf 84' lang='lat' dir='ltr'>ferendum</span> <span class='ocrx_word' id='word_1_166' title='bbox 907 3044 976 3132; x_wconf 83' lang='lat' dir='ltr'>fibi</span> <span class='ocrx_word' id='word_1_167' title='bbox 988 3045 1032 3133; x_wconf 92' lang='lat' dir='ltr'>id</span> <span class='ocrx_word' id='word_1_168' title='bbox 1045 3046 1193 3132; x_wconf 85' lang='lat' dir='ltr'>censeat</span> <span class='ocrx_word' id='word_1_169' title='bbox 1206 3108 1220 3151; x_wconf 92' lang='lat'>,</span> <span class='ocrx_word' id='word_1_170' title='bbox 1234 3044 1349 3159; x_wconf 90' lang='lat' dir='ltr'>quod</span> <span class='ocrx_word' id='word_1_171' title='bbox 1371 3044 1501 3132; x_wconf 83' lang='lat' dir='ltr'>videat</span> <span class='ocrx_word' id='word_1_172' title='bbox 1512 3046 1619 3145; x_wconf 79' lang='lat' dir='ltr'>mul·¹</span> <span class='ocrx_word' id='word_1_173' title='bbox 1722 3162 1724 3164; x_wconf 8' lang='grc' dir='ltr'>Ι</span> 
     </span>
     <span class='ocr_line' id='line_1_24' title="bbox 213 3157 1619 3278; baseline 0 -33"><span class='ocrx_word' id='word_1_174' title='bbox 213 3181 281 3245; x_wconf 84' lang='lat' dir='ltr'>tos</span> <span class='ocrx_word' id='word_1_175' title='bbox 301 3157 504 3271; x_wconf 73' lang='lat' dir='ltr'>moderate</span> <span class='ocrx_word' id='word_1_176' title='bbox 531 3162 790 3278; x_wconf 76' lang='lat' dir='ltr'>&amp;tranquille</span> <span class='ocrx_word' id='word_1_177' title='bbox 820 3163 954 3249; x_wconf 78' lang='lat' dir='ltr'>tulisse</span> <span class='ocrx_word' id='word_1_178' title='bbox 1007 3158 1206 3249; x_wconf 84' lang='lat' dir='ltr'>Omnibus</span> <span class='ocrx_word' id='word_1_179' title='bbox 1232 3164 1337 3245; x_wconf 85' lang='lat' dir='ltr'>enirn</span> <span class='ocrx_word' id='word_1_180' title='bbox 1373 3159 1505 3249; x_wconf 89' lang='lat' dir='ltr'>modis</span> <span class='ocrx_word' id='word_1_181' title='bbox 1537 3160 1619 3245; x_wconf 86' lang='lat' dir='ltr'>ful-</span> 
     </span>
     <span class='ocr_line' id='line_1_25' title="bbox 214 3272 1622 3391; baseline 0.003 -34"><span class='ocrx_word' id='word_1_182' title='bbox 214 3272 347 3359; x_wconf 80' lang='lat' dir='ltr'>ciendi</span> <span class='ocrx_word' id='word_1_183' title='bbox 372 3272 478 3380; x_wconf 90' lang='lat' dir='ltr'>sunt,</span> <span class='ocrx_word' id='word_1_184' title='bbox 505 3282 576 3391; x_wconf 91' lang='lat' dir='ltr'>qui</span> <span class='ocrx_word' id='word_1_185' title='bbox 592 3301 738 3382; x_wconf 91' lang='lat' dir='ltr'>ruunt,</span> <span class='ocrx_word' id='word_1_186' title='bbox 763 3303 837 3363; x_wconf 87' lang='lat' dir='ltr'>nec</span> <span class='ocrx_word' id='word_1_187' title='bbox 850 3280 1055 3365; x_wconf 66' lang='lat' dir='ltr'>&#39;coherere</span> <span class='ocrx_word' id='word_1_188' title='bbox 1078 3277 1238 3390; x_wconf 78' lang='lat' dir='ltr'>possunt</span> <span class='ocrx_word' id='word_1_189' title='bbox 1269 3294 1432 3389; x_wconf 89' lang='lat' dir='ltr'>propter</span> <span class='ocrx_word' id='word_1_190' title='bbox 1461 3276 1622 3389; x_wconf 80' lang='lat' dir='ltr'>magni-</span> 
     </span>
     <span class='ocr_line' id='line_1_26' title="bbox 214 3384 1621 3508; baseline 0.002 -37"><span class='ocrx_word' id='word_1_191' title='bbox 214 3384 396 3472; x_wconf 89' lang='lat' dir='ltr'>tudinem</span> <span class='ocrx_word' id='word_1_192' title='bbox 421 3391 671 3502; x_wconf 79' lang='lat' dir='ltr'>agritudinis</span> <span class='ocrx_word' id='word_1_193' title='bbox 699 3397 757 3477; x_wconf 82' lang='lat' dir='ltr'>Ex</span> <span class='ocrx_word' id='word_1_194' title='bbox 781 3422 866 3508; x_wconf 93' lang='lat' dir='ltr'>quo</span> <span class='ocrx_word' id='word_1_195' title='bbox 892 3391 1013 3506; x_wconf 82' lang='lat' dir='ltr'>ipsam</span> <span class='ocrx_word' id='word_1_196' title='bbox 1035 3387 1306 3505; x_wconf 78' lang='lat' dir='ltr'>egritudinem</span> <span class='ocrx_word' id='word_1_197' title='bbox 1335 3393 1454 3474; x_wconf 68' lang='lat' dir='ltr'>adnm</span> <span class='ocrx_word' id='word_1_198' title='bbox 1480 3393 1621 3507; x_wconf 81' lang='lat' dir='ltr'>Chry·-</span> 
     </span>
     <span class='ocr_line' id='line_1_27' title="bbox 213 3501 1628 3619; baseline 0.001 -31"><span class='ocrx_word' id='word_1_199' title='bbox 213 3501 378 3615; x_wconf 84' lang='lat' dir='ltr'>fippus,</span> <span class='ocrx_word' id='word_1_200' title='bbox 405 3505 513 3617; x_wconf 71' lang='lat' dir='ltr'>quasi</span> <span class='ocrx_word' id='word_1_201' title='bbox 536 3506 663 3612; x_wconf 66' lang='grc' dir='ltr'>λύσιν,</span> <span class='ocrx_word' id='word_1_202' title='bbox 684 3506 728 3594; x_wconf 92' lang='lat' dir='ltr'>id</span> <span class='ocrx_word' id='word_1_203' title='bbox 749 3510 804 3591; x_wconf 86' lang='lat' dir='ltr'>est</span> <span class='ocrx_word' id='word_1_204' title='bbox 827 3506 1061 3593; x_wconf 89' lang='lat' dir='ltr'>solutionem</span> <span class='ocrx_word' id='word_1_205' title='bbox 1078 3507 1202 3591; x_wconf 88' lang='lat' dir='ltr'>totius</span> <span class='ocrx_word' id='word_1_206' title='bbox 1228 3505 1421 3619; x_wconf 85' lang='lat' dir='ltr'>hominis,</span> <span class='ocrx_word' id='word_1_207' title='bbox 1444 3506 1628 3618; x_wconf 53' lang='lat' dir='ltr'>appella-a</span> 
     </span>
     <span class='ocr_line' id='line_1_28' title="bbox 215 3615 1620 3747; baseline 0.003 -46"><span class='ocrx_word' id='word_1_208' title='bbox 215 3640 297 3701; x_wconf 85' lang='lat' dir='ltr'>tarn</span> <span class='ocrx_word' id='word_1_209' title='bbox 320 3639 442 3730; x_wconf 82' lang='lat' dir='ltr'>putat</span> <span class='ocrx_word' id='word_1_210' title='bbox 463 3626 580 3747; x_wconf 75' lang='lat' dir='ltr'>&#39;Qu</span> <span class='ocrx_word' id='word_1_211' title='bbox 603 3637 686 3710; x_wconf 84' lang='lat' dir='ltr'>tota</span> <span class='ocrx_word' id='word_1_212' title='bbox 705 3627 849 3736; x_wconf 91' lang='lat' dir='ltr'>poterit</span> <span class='ocrx_word' id='word_1_213' title='bbox 872 3620 1008 3725; x_wconf 68' lang='lat' dir='ltr'>eveli&#39;,</span> <span class='ocrx_word' id='word_1_214' title='bbox 1027 3615 1241 3732; x_wconf 78' lang='lat' dir='ltr'>explicati,</span> <span class='ocrx_word' id='word_1_215' title='bbox 1259 3642 1306 3705; x_wconf 92' lang='lat' dir='ltr'>ut</span> <span class='ocrx_word' id='word_1_216' title='bbox 1328 3616 1526 3732; x_wconf 80' lang='lat' dir='ltr'>¹principio</span> <span class='ocrx_word' id='word_1_217' title='bbox 1552 3618 1620 3705; x_wconf 84' lang='lat' dir='ltr'>di-&#39;</span> 
     </span>
     <span class='ocr_line' id='line_1_29' title="bbox 214 3730 1620 3849; baseline 0.004 -34"><span class='ocrx_word' id='word_1_218' title='bbox 214 3736 284 3836; x_wconf 80' lang='lat' dir='ltr'>xi,</span> <span class='ocrx_word' id='word_1_219' title='bbox 306 3730 424 3819; x_wconf 82' lang='lat' dir='ltr'>causi</span> <span class='ocrx_word' id='word_1_220' title='bbox 447 3734 695 3849; x_wconf 74' lang='lat' dir='ltr'>agritudinis.</span> <span class='ocrx_word' id='word_1_221' title='bbox 724 3740 786 3821; x_wconf 84' lang='lat' dir='ltr'>Est</span> <span class='ocrx_word' id='word_1_222' title='bbox 815 3740 920 3823; x_wconf 87' lang='lat' dir='ltr'>enim</span> <span class='ocrx_word' id='word_1_223' title='bbox 943 3734 1045 3821; x_wconf 87' lang='lat' dir='ltr'>nulla</span> <span class='ocrx_word' id='word_1_224' title='bbox 1064 3732 1160 3838; x_wconf 78' lang='lat' dir='ltr'>alia,</span> <span class='ocrx_word' id='word_1_225' title='bbox 1183 3734 1251 3820; x_wconf 86' lang='lat' dir='ltr'>nili</span> <span class='ocrx_word' id='word_1_226' title='bbox 1283 3732 1424 3848; x_wconf 89' lang='lat' dir='ltr'>opinio</span> <span class='ocrx_word' id='word_1_227' title='bbox 1448 3734 1487 3817; x_wconf 76' lang='grc' dir='ltr'>δι</span> <span class='ocrx_word' id='word_1_228' title='bbox 1513 3733 1620 3837; x_wconf 87' lang='lat' dir='ltr'>judi-</span> 
     </span>
     <span class='ocr_line' id='line_1_30' title="bbox 216 3846 1619 3967; baseline 0.003 -36"><span class='ocrx_word' id='word_1_229' title='bbox 216 3849 327 3931; x_wconf 90' lang='lat' dir='ltr'>cium</span> <span class='ocrx_word' id='word_1_230' title='bbox 344 3855 477 3963; x_wconf 82' lang='lat' dir='ltr'>magni</span> <span class='ocrx_word' id='word_1_231' title='bbox 496 3850 690 3964; x_wconf 73' lang='lat' dir='ltr'>praesentis</span> <span class='ocrx_word' id='word_1_232' title='bbox 719 3874 838 3965; x_wconf 82' lang='lat' dir='ltr'>atque</span> <span class='ocrx_word' id='word_1_233' title='bbox 861 3855 1033 3967; x_wconf 89' lang='lat' dir='ltr'>urgentis</span> <span class='ocrx_word' id='word_1_234' title='bbox 1054 3848 1156 3935; x_wconf 80' lang='lat' dir='ltr'>mali.</span> <span class='ocrx_word' id='word_1_235' title='bbox 1179 3853 1232 3935; x_wconf 90' lang='lat' dir='ltr'>lta</span> <span class='ocrx_word' id='word_1_236' title='bbox 1261 3876 1313 3933; x_wconf 91' lang='lat' dir='ltr'>ue</span> <span class='ocrx_word' id='word_1_237' title='bbox 1340 3846 1513 3933; x_wconf 87' lang='lat' dir='ltr'>&amp;dolor</span> <span class='ocrx_word' id='word_1_238' title='bbox 1525 3876 1619 3935; x_wconf 91' lang='lat' dir='ltr'>cor-</span> 
     </span>
     <span class='ocr_line' id='line_1_31' title="bbox 214 3880 1622 4078; baseline 0.004 -32"><span class='ocrx_word' id='word_1_239' title='bbox 214 3964 326 4073; x_wconf 87' lang='lat' dir='ltr'>poris</span> <span class='ocrx_word' id='word_1_240' title='bbox 342 4024 356 4067; x_wconf 86' lang='lat'>‚</span> <span class='ocrx_word' id='word_1_241' title='bbox 375 3966 486 4073; x_wconf 80' lang='lat' dir='ltr'>cujus</span> <span class='ocrx_word' id='word_1_242' title='bbox 505 3966 560 4049; x_wconf 87' lang='lat' dir='ltr'>ell</span> <span class='ocrx_word' id='word_1_243' title='bbox 577 3966 726 4052; x_wconf 72' lang='lat' dir='ltr'>uorsus</span> <span class='ocrx_word' id='word_1_244' title='bbox 743 3969 975 4069; x_wconf 88' lang='lat' dir='ltr'>acerrimus,</span> <span class='ocrx_word' id='word_1_245' title='bbox 996 3965 1208 4078; x_wconf 77' lang='lat' dir='ltr'>perferetur</span> <span class='ocrx_word' id='word_1_246' title='bbox 1233 3880 1519 4076; x_wconf 74' lang='lat' dir='ltr'>ipepropofita</span> <span class='ocrx_word' id='word_1_247' title='bbox 1540 3960 1622 4051; x_wconf 90' lang='lat' dir='ltr'>bo·</span> 
     </span>
     <span class='ocr_line' id='line_1_32' title="bbox 216 4075 1621 4196; baseline 0.003 -36"><span class='ocrx_word' id='word_1_248' title='bbox 216 4075 272 4160; x_wconf 82' lang='lat' dir='ltr'>ni</span> <span class='ocrx_word' id='word_1_249' title='bbox 304 4080 351 4162; x_wconf 81' lang='lat' dir='ltr'>Et</span> <span class='ocrx_word' id='word_1_250' title='bbox 372 4083 456 4165; x_wconf 65' lang='lat' dir='ltr'>adia</span> <span class='ocrx_word' id='word_1_251' title='bbox 474 4100 563 4167; x_wconf 74' lang='lat' dir='ltr'>etas</span> <span class='ocrx_word' id='word_1_252' title='bbox 585 4082 747 4169; x_wconf 74' lang='lat' dir='ltr'>honeste</span> <span class='ocrx_word' id='word_1_253' title='bbox 782 4110 828 4167; x_wconf 86' lang='lat' dir='ltr'>ac</span> <span class='ocrx_word' id='word_1_254' title='bbox 853 4079 1051 4196; x_wconf 75' lang='lat' dir='ltr'>splendide</span> <span class='ocrx_word' id='word_1_255' title='bbox 1076 4102 1221 4165; x_wconf 89' lang='lat' dir='ltr'>tantam</span> <span class='ocrx_word' id='word_1_256' title='bbox 1251 4078 1362 4162; x_wconf 82' lang='lat' dir='ltr'>affert</span> <span class='ocrx_word' id='word_1_257' title='bbox 1383 4076 1621 4166; x_wconf 86' lang='lat' dir='ltr'>consolatio·</span> 
     </span>
     <span class='ocr_line' id='line_1_33' title="bbox 216 4188 1667 4395; baseline 0.001 -119"><span class='ocrx_word' id='word_1_258' title='bbox 216 4216 339 4296; x_wconf 87' lang='lat' dir='ltr'>nem,</span> <span class='ocrx_word' id='word_1_259' title='bbox 360 4218 406 4280; x_wconf 93' lang='lat' dir='ltr'>ut</span> <span class='ocrx_word' id='word_1_260' title='bbox 423 4209 519 4302; x_wconf 84' lang='lat' dir='ltr'>eos,</span> <span class='ocrx_word' id='word_1_261' title='bbox 542 4201 613 4313; x_wconf 91' lang='lat' dir='ltr'>qui</span> <span class='ocrx_word' id='word_1_262' title='bbox 635 4202 690 4284; x_wconf 85' lang='lat' dir='ltr'>ita</span> <span class='ocrx_word' id='word_1_263' title='bbox 714 4202 912 4304; x_wconf 81' lang='lat' dir='ltr'>vixerint,</span> <span class='ocrx_word' id='word_1_264' title='bbox 937 4221 1110 4284; x_wconf 89' lang='lat' dir='ltr'>autnon</span> <span class='ocrx_word' id='word_1_265' title='bbox 1136 4188 1538 4306; x_wconf 81' lang='lat' dir='ltr'>tangat³⁸aegritudo‚</span> <span class='ocrx_word' id='word_1_266' title='bbox 1552 4218 1623 4395; x_wconf 70' lang='lat' dir='ltr'>qut</span> <span class='ocrx_word' id='word_1_267' title='bbox 1665 4258 1667 4261; x_wconf 84' lang='lat'>-</span> 
     </span>
     <span class='ocr_line' id='line_1_34' title="bbox 969 4316 1624 4419; baseline -0.008 -23"><span class='ocrx_word' id='word_1_268' title='bbox 969 4316 1002 4397; x_wconf 86' lang='lat' dir='ltr'><strong>E</strong></span> <span class='ocrx_word' id='word_1_269' title='bbox 1029 4336 1052 4393; x_wconf 90' lang='lat' dir='ltr'>e</span> <span class='ocrx_word' id='word_1_270' title='bbox 1080 4336 1103 4392; x_wconf 89' lang='lat' dir='ltr'>e</span> <span class='ocrx_word' id='word_1_271' title='bbox 1165 4338 1185 4418; x_wconf 86' lang='lat'><em>3</em></span> <span class='ocrx_word' id='word_1_272' title='bbox 1421 4350 1424 4357; x_wconf 51' lang='lat'><strong>⁴</strong></span> <span class='ocrx_word' id='word_1_273' title='bbox 1458 4370 1460 4377; x_wconf 72' lang='lat'><em>·</em></span> <span class='ocrx_word' id='word_1_274' title='bbox 1492 4336 1561 4419; x_wconf 90' lang='lat' dir='ltr'>per</span> <span class='ocrx_word' id='word_1_275' title='bbox 1575 4336 1624 4391; x_wconf 84' lang='lat' dir='ltr'>e-</span> 
     </span>
    </p>
   </div>
   <div class='ocr_carea' id='block_1_3' title="bbox 217 4519 1626 4931">
    <p class='ocr_par' dir='ltr' id='par_1_3' title="bbox 217 4519 1619 4683">
     <span class='ocr_line' id='line_1_35' title="bbox 263 4519 1619 4603; baseline -0.007 -16"><span class='ocrx_word' id='word_1_276' title='bbox 263 4539 311 4594; x_wconf 84' lang='lat'>37·</span> <span class='ocrx_word' id='word_1_277' title='bbox 331 4524 422 4582; x_wconf 67' lang='lat' dir='ltr'>Celtibe</span> <span class='ocrx_word' id='word_1_278' title='bbox 442 4530 455 4594; x_wconf 96' lang='grc'>]</span> <span class='ocrx_word' id='word_1_279' title='bbox 477 4530 569 4603; x_wconf 70' lang='lat' dir='ltr'>Legae</span> <span class='ocrx_word' id='word_1_280' title='bbox 591 4542 623 4585; x_wconf 89' lang='lat' dir='ltr'>ut</span> <span class='ocrx_word' id='word_1_281' title='bbox 640 4523 789 4587; x_wconf 81' lang='lat' dir='ltr'>admonuit</span> <span class='ocrx_word' id='word_1_282' title='bbox 806 4527 894 4585; x_wconf 88' lang='lat' dir='ltr'>Lam-</span> <span class='ocrx_word' id='word_1_283' title='bbox 936 4523 1066 4584; x_wconf 70' lang='lat' dir='ltr'>sententia</span> <span class='ocrx_word' id='word_1_284' title='bbox 1083 4538 1230 4589; x_wconf 88' lang='lat' dir='ltr'>oneratur,</span> <span class='ocrx_word' id='word_1_285' title='bbox 1250 4521 1281 4579; x_wconf 76' lang='grc' dir='ltr'>ὅ(</span> <span class='ocrx_word' id='word_1_286' title='bbox 1297 4522 1368 4579; x_wconf 87' lang='lat' dir='ltr'>ultra</span> <span class='ocrx_word' id='word_1_287' title='bbox 1388 4519 1544 4601; x_wconf 73' lang='lat' dir='ltr'>perlecium</span> <span class='ocrx_word' id='word_1_288' title='bbox 1563 4538 1619 4601; x_wconf 73' lang='lat' dir='ltr'>tra-</span> 
     </span>
     <span class='ocr_line' id='line_1_36' title="bbox 217 4596 1618 4683; baseline -0.007 -12"><span class='ocrx_word' id='word_1_289' title='bbox 217 4596 306 4661; x_wconf 54' lang='lat' dir='ltr'>5¹¹¹ss</span> <span class='ocrx_word' id='word_1_290' title='bbox 318 4640 327 4670; x_wconf 78' lang='lat'><em>2</em></span> <span class='ocrx_word' id='word_1_291' title='bbox 339 4605 461 4683; x_wconf 54' lang='grc' dir='ltr'>Μὴν.</span> <span class='ocrx_word' id='word_1_292' title='bbox 482 4607 570 4665; x_wconf 80' lang='lat' dir='ltr'>louu.</span> <span class='ocrx_word' id='word_1_293' title='bbox 938 4605 1021 4666; x_wconf 88' lang='lat' dir='ltr'>hitur.</span> <span class='ocrx_word' id='word_1_294' title='bbox 1041 4599 1183 4679; x_wconf 84' lang='lat' dir='ltr'>Equidem</span> <span class='ocrx_word' id='word_1_295' title='bbox 1194 4600 1230 4661; x_wconf 90' lang='lat' dir='ltr'>lic</span> <span class='ocrx_word' id='word_1_296' title='bbox 1247 4600 1380 4660; x_wconf 90' lang='lat' dir='ltr'>Tullium</span> <span class='ocrx_word' id='word_1_297' title='bbox 1398 4600 1497 4661; x_wconf 77' lang='lat' dir='ltr'>dedisse</span> <span class='ocrx_word' id='word_1_298' title='bbox 1509 4596 1618 4661; x_wconf 85' lang='lat' dir='ltr'>censeo:</span> 
     </span>
    </p>

    <p class='ocr_par' dir='ltr' id='par_1_4' title="bbox 217 4680 1626 4931">
     <span class='ocr_line' id='line_1_37' title="bbox 263 4680 1622 4769; baseline -0.002 -25"><span class='ocrx_word' id='word_1_299' title='bbox 263 4686 311 4756; x_wconf 85' lang='lat'>38.</span> <span class='ocrx_word' id='word_1_300' title='bbox 331 4686 388 4743; x_wconf 78' lang='lat' dir='ltr'>Are</span> <span class='ocrx_word' id='word_1_301' title='bbox 407 4706 460 4745; x_wconf 75' lang='lat' dir='ltr'>non</span> <span class='ocrx_word' id='word_1_302' title='bbox 477 4705 571 4767; x_wconf 70' lang='lat' dir='ltr'>sarigas</span> <span class='ocrx_word' id='word_1_303' title='bbox 580 4684 737 4767; x_wconf 74' lang='lat' dir='ltr'>egritudo,</span> <span class='ocrx_word' id='word_1_304' title='bbox 757 4704 803 4747; x_wconf 79' lang='lat' dir='ltr'>uu</span> <span class='ocrx_word' id='word_1_305' title='bbox 813 4686 897 4769; x_wconf 82' lang='lat' dir='ltr'>peric·</span> <span class='ocrx_word' id='word_1_306' title='bbox 939 4692 995 4746; x_wconf 70' lang='lat' dir='ltr'>Aru</span> <span class='ocrx_word' id='word_1_307' title='bbox 1005 4707 1057 4745; x_wconf 84' lang='lat' dir='ltr'>non</span> <span class='ocrx_word' id='word_1_308' title='bbox 1069 4688 1181 4760; x_wconf 75' lang='lat' dir='ltr'>attingat</span> <span class='ocrx_word' id='word_1_309' title='bbox 1190 4680 1329 4751; x_wconf 87' lang='lat' dir='ltr'>omnino,</span> <span class='ocrx_word' id='word_1_310' title='bbox 1343 4701 1389 4742; x_wconf 79' lang='lat' dir='ltr'>aur</span> <span class='ocrx_word' id='word_1_311' title='bbox 1406 4686 1546 4765; x_wconf 74' lang='lat' dir='ltr'>perleviter</span> <span class='ocrx_word' id='word_1_312' title='bbox 1552 4698 1622 4764; x_wconf 80' lang='lat' dir='ltr'>pun-</span> 
     </span>
     <span class='ocr_line' id='line_1_38' title="bbox 217 4762 1626 4847; baseline -0.001 -23"><span class='ocrx_word' id='word_1_313' title='bbox 217 4765 292 4820; x_wconf 71' lang='lat' dir='ltr'>viter</span> <span class='ocrx_word' id='word_1_314' title='bbox 312 4778 417 4845; x_wconf 68' lang='lat' dir='ltr'>prrngm</span> <span class='ocrx_word' id='word_1_315' title='bbox 434 4771 518 4827; x_wconf 76' lang='lat' dir='ltr'>animi</span> <span class='ocrx_word' id='word_1_316' title='bbox 548 4769 639 4839; x_wconf 88' lang='lat' dir='ltr'>dolor]</span> <span class='ocrx_word' id='word_1_317' title='bbox 661 4766 740 4841; x_wconf 89' lang='lat' dir='ltr'>Quid</span> <span class='ocrx_word' id='word_1_318' title='bbox 758 4766 835 4827; x_wconf 86' lang='lat' dir='ltr'>aliud</span> <span class='ocrx_word' id='word_1_319' title='bbox 856 4764 897 4827; x_wconf 83' lang='lat' dir='ltr'>est</span> <span class='ocrx_word' id='word_1_320' title='bbox 936 4786 986 4847; x_wconf 77' lang='lat' dir='ltr'>gar</span> <span class='ocrx_word' id='word_1_321' title='bbox 1002 4770 1086 4826; x_wconf 83' lang='lat' dir='ltr'>animi</span> <span class='ocrx_word' id='word_1_322' title='bbox 1100 4765 1189 4824; x_wconf 73' lang='lat' dir='ltr'>dolon·</span> <span class='ocrx_word' id='word_1_323' title='bbox 1208 4763 1322 4837; x_wconf 76' lang='lat' dir='ltr'>Quanti&gt;</span> <span class='ocrx_word' id='word_1_324' title='bbox 1339 4764 1395 4827; x_wconf 85' lang='lat' dir='ltr'>lioc</span> <span class='ocrx_word' id='word_1_325' title='bbox 1420 4762 1567 4830; x_wconf 71' lang='lat' dir='ltr'>rotrudius</span> <span class='ocrx_word' id='word_1_326' title='bbox 1590 4764 1626 4823; x_wconf 73' lang='grc' dir='ltr'><strong>δί</strong></span> 
     </span>
     <span class='ocr_line' id='line_1_39' title="bbox 218 4841 1501 4931; baseline -0.001 -24"><span class='ocrx_word' id='word_1_327' title='bbox 218 4845 430 4924; x_wconf 64' lang='lat' dir='ltr'>agritudoanili</span> <span class='ocrx_word' id='word_1_328' title='bbox 453 4853 535 4913; x_wconf 73' lang='lat' dir='ltr'>mirri</span> <span class='ocrx_word' id='word_1_329' title='bbox 552 4852 626 4913; x_wconf 77' lang='lat' dir='ltr'>dolor</span> <span class='ocrx_word' id='word_1_330' title='bbox 646 4850 661 4912; x_wconf 76' lang='lat'>,2</span> <span class='ocrx_word' id='word_1_331' title='bbox 681 4847 792 4913; x_wconf 73' lang='lat' dir='ltr'>frustra</span> <span class='ocrx_word' id='word_1_332' title='bbox 812 4847 899 4931; x_wconf 81' lang='lat' dir='ltr'>igittu</span> <span class='ocrx_word' id='word_1_333' title='bbox 932 4846 1098 4929; x_wconf 58' lang='lat' dir='ltr'>uulgatus</span> <span class='ocrx_word' id='word_1_334' title='bbox 1118 4841 1130 4906; x_wconf 86' lang='lat' dir='ltr'>l</span> <span class='ocrx_word' id='word_1_335' title='bbox 1152 4847 1339 4907; x_wconf 67' lang='lat' dir='ltr'>Brutumne</span> <span class='ocrx_word' id='word_1_336' title='bbox 1413 4858 1418 4868; x_wconf 85' lang='lat'><strong>·</strong></span> <span class='ocrx_word' id='word_1_337' title='bbox 1472 4856 1501 4867; x_wconf 80' lang='grc'>”</span> 
     </span>
    </p>
   </div>
   <div class='ocr_carea' id='block_1_4' title="bbox 0 0 2148 5592">
    <p class='ocr_par' dir='ltr' id='par_1_5' title="bbox 0 0 2148 5592">
     <span class='ocr_line' id='line_1_40' title="bbox 0 0 2148 5592; baseline 0 0"><span class='ocrx_word' id='word_1_338' title='bbox 0 0 2148 5592; x_wconf 95' lang='lat' dir='ltr'> </span> 
     </span>
    </p>
   </div>
  </div>
 </body>
</html>
