4259 5592
563 438 619 523 88
863 412 1657 513 'ACA'DEMICORUM

620 617 678 698 'Ac
701 605 866 723 primam
899 604 999 691 illam
1024 614 1172 718 partem
1197 601 1298 691 bene
1316 602 1483 716 ¹vivendi
1512 607 1536 691 a
1572 625 1708 693 natura
1735 606 1941 718 petebant,

556 728 677 843 elque
696 720 913 834 parendum
936 721 1012 805 effe
1037 718 1240 806 dicebant:
1258 730 1388 833 neque
1410 716 1484 803 ulla
1504 715 1574 803 alia
1591 722 1629 802 in
1644 748 1712 826 re,
1731 721 1800 804 nist
1817 718 1861 805 in
1875 753 1944 810 na·
2098 811 2101 821 ,

556 864 673 947 rura,
693 835 947 951 quaerendum
971 836 1046 918 effe
1065 833 1158 920 illud
1178 835 1372 919 summum
1391 832 1580 935 bonum,
1603 838 1686 946 qno
1719 834 1852 921 omnia
1884 864 1943 921 re·
2099 833 2102 842 '

559 954 772 1041 l‘erretnur:
794 948 1187 1063 constituebantque,
1212 973 1428 1034 extremun
1447 947 1521 1030 effe
1551 973 1678 1031 rerum
1709 951 1946 1061 expetenda·
1980 969 1983 975 ’

558 1098 678 1173 mm,
704 1066 742 1150 &
769 1065 1130 1167 finembonorum,
1152 1061 1340 1177 adeptum
1366 1064 1401 1097 ²²
1431 1062 1507 1174 effe
1532 1061 1667 1145 omnia
1692 1063 1715 1149 ὲ
1746 1066 1944 1152 natura&

558 1188 722 1283 animo,
749 1181 789 1263 &
812 1204 980 1293 corpore
990 1177 1066 1283 ,ἃ
1088 1174 1177 1262 viti.
1205 1179 1398 1289 Corporis
1417 1195 1547 1259 autem
1566 1173 1637 1259 alia
1655 1175 1855 1288 ponebant
1871 1182 1946 1267 elle

561 1300 604 1385 in
623 1317 738 1395 toto,
761 1292 832 1379 alia
849 1296 890 1378 in
945 1288 1098 1379 artibus.
1126 1290 1422 1392 Valetudinem,
1443 1286 1564 1392 vires,
1590 1290 1945 1402 pulchritudinem,

560 1410 605 1495 in
623 1432 733 1496 toto:
756 1324 983 1521 inpartibus
1000 1428 1154 1511 autem,
1180 1404 1303 1493 l'ensus
1331 1408 1531 1516 integros,
1552 1405 1590 1490 &
1614 1406 1863 1517 prallmtiam
1876 1410 1945 1499 ali-

561 1553 685 1639 quam
716 1525 881 1633 panium
905 1520 1161 1635 singularum
1187 1542 1231 1607 ut
1256 1523 1297 1608 in
1324 1518 1492 1631 pedibus
1517 1518 1771 1625 celeritatem,
1796 1526 1877 1606 vim
1903 1528 1945 1609 in

562 1636 768 1738 manibus,
794 1634 997 1725 claritatem
1025 1637 1066 1720 in
1089 1663 1210 1741 voce,
1244 1638 1285 1721 in
1309 1633 1441 1750 lingua
1465 1634 1580 1719 etiam
1608 1635 1845 1747 explanatam
1869 1668 1945 1723 vo·

563 1774 658 1844 ¹cunt
679 1750 971 1862 impreffionem
1519 1830 1521 1834 .
1762 1794 1766 1800 ·

459 1916 461 1923 ‹
562 1940 568 1963 ,
624 1870 753 1952 Animi
780 1885 936 1969 autem,
961 1893 1047 1979 quae
1070 1865 1190 1952 elsent
1216 1863 1268 1951 ad
1297 1860 1706 1976 comprehendendam
1732 1866 1764 1906 ²³
1781 1862 1946 1977 ingeniis

561 1984 746 2071 virtutem
775 1976 942 2065 idonea:
963 1983 1091 2091 eaque
1115 1976 1164 2063 ab
1192 1984 1238 2064 iis
1262 1983 1302 2063 in
1318 2002 1493 2062 naturam
1513 1976 1551 2059 &
1568 2004 1695 2062 mores
1715 1976 1947 2065 divideban-

561 2120 638 2181 tur.
679 2100 838 2189 Natura
861 2093 1089 2179 celeritatem
1120 2089 1419 2179 addiscendum
1442 2092 1482 2176 8(
1514 2089 1745 2179 memoriam
1763 2092 1946 2185 dabant:

562 2237 738 2325 quorum
761 2230 972 2320 utrumque
998 2210 1137 2291 mentis
1159 2208 1249 2291 effer
1272 2204 1501 2318 proprium,
1521 2205 1559 2287 δι
1589 2199 1744 2317 ingenii.
1784 2214 1947 2295 Morum
1971 2207 1975 2211 ’

565 2342 694 2415 autern
710 2321 901 2433 putabant
924 2320 1049 2409 studia
1073 2322 1148 2405 elle
1168 2320 1206 2403 δι
1228 2320 1334 2434 quast
1351 2317 1690 2406 consuetudinem:
1717 2351 1836 2435 quarn
1857 2352 1949 2434 par-

562 2440 636 2521 tim
657 2438 939 2525 exercitationis
963 2433 1195 2539 affiduitate,
1219 2432 1358 2547 partim
1374 2438 1521 2520 ratione
1537 2430 1755 2519 formabant
1766 2469 1783 2531 ,·
1794 2434 1836 2517 in
1853 2439 1948 2549 qui-

566 2554 641 2655 b'us¹
668 2571 746 2633 erat
764 2547 1015 2661 ¹philosophia
1040 2550 1128 2662 ipsa
1156 2554 1199 2633 ln
1224 2578 1304 2661 qua
1356 2546 1443 2675 uod
1466 2546 1696 2635 inchoatum
1713 2549 1796 2653 est,
1817 2577 1953 2664 neque

564 2662 806 2767 absolutum,
831 2662 1040 2775 progreffio
1056 2661 1283 2776 ²4quadam
1302 2578 1356 2747 ad
1375 2684 1556 2749 virtutem
1580 2662 1810 2777 appellatur:
1834 2662 1952 2776 quod

564 2804 698 2868 autern
718 2774 961 2882 absolutum,
976 2775 1018 2875 id
1039 2775 1094 2860 est
1125 2781 1243 2862 virtus
1262 2840 1275 2881 ‚
1293 2776 1398 2890 quast
1424 2776 1610 2888 perfectio
1630 2801 1793 2880 natura,
1816 2782 1951 2863 omni-

565 2902 715 3003 umque
750 2920 901 2995 rerum,
942 2891 1042 3005 quas
1064 2893 1105 2975 in
1128 2894 1264 2977 animis
1286 2914 1466 3003 ponunt,
1501 2919 1579 2976 una
1606 2918 1664 2975 res
1684 2895 1843 3006 optima
1877 2896 1952 2977 Er-

565 3041 622 3121 go
647 3012 727 3092 hac
746 3010 974 3103 animorum

625 3121 718 3204 Vita
740 3140 868 3210 autern
889 3118 961 3228 (id
988 3120 1091 3206 enim
1105 3142 1190 3215 erat
1218 3123 1402 3217 tertium)
1425 3116 1602 3229 adjuncta
1634 3119 1710 3204 ess‘e
1735 3115 1953 3225 dicebant,

567 3256 655 3351 qua
680 3232 731 3323 ad
752 3232 900 3320 virtutis
922 3232 1032 3344 usum
1054 3233 1230 3338 valerent.
1257 3238 1338 3355 lam
1362 3234 1481 3319 virtus
1497 3237 1615 3319 animi
1629 3232 1955 3327 ''bonisbccor-

567 3350 674 3466 poris
692 3352 857 3449 cernitur
875 3351 916 3432 in
936 3346 1187 3463 quibusdam,
1210 3376 1297 3459 qua
1320 3370 1504 3437 nontam
1531 3373 1700 3453 natura,
1723 3344 1957 3461 quimbea-

567 3490 613 3550 ta
644 3462 757 3567 vita,
777 3460 953 3575 adjuntla
977 3466 1070 3547 sunt.
1109 3466 1324 3562 Hominem
1352 3463 1427 3547 esse
1446 3459 1648 3549 censebant
1667 3463 1772 3577 quast
1799 3488 1959 3575 partem

569 3576 769 3692 quandam
788 3575 972 3679 civitatis,
993 3576 1035 3669 δι
1066 3576 1229 3662 uninersr
1253 3577 1402 3689 generis
1432 3579 1629 3680 humani,
1663 3582 1835 3691 eumque
1870 3578 1959 3663 effe

569 3694 820 3801 coniunbtum
834 3717 927 3785 cum
953 3690 1184 3789 hominibus
1204 3687 1373 3787 humani
1397 3691 1567 3807 quadam
1597 3690 1785 3777 societate.
1814 3696 1873 3777 Ac
1900 3690 1961 3777 de

568 3808 720 3899 summo
742 3802 908 3919 quidem
931 3828 1047 3918 atque
1067 3804 1231 3914 naturali
1254 3803 1368 3897 bono
1404 3808 1456 3890 stc
1470 3826 1609 3920 agunt
1637 3810 1787 3891 Caetera
1817 3828 1960 3892 autern

569 3927 759 4036 pertinere
774 3916 828 4033 ad
846 3917 888 4013 id
904 3942 1072 4034 putant,
1090 3943 1163 4026 aut
1185 3919 1235 4007 ad
1252 3920 1505 4037 augendum,
1518 3918 1657 4016 autad
1675 3918 1864 4005 meudun
1844 3983 1896 4119 dl,
1911 3946 1964 4059 ut

1769 4114 1774 4125 .
1891 4066 1964 4122 vr-

608 4298 659 4351 1²²·
681 4278 808 4355 Adtptnm
827 4274 871 4357 effe
891 4279 978 4335 omnia
1002 4274 1018 4335 ἑ
1041 4284 1162 4346 natura]
1191 4278 1241 4337 Se·
1274 4282 1348 4355 genii
1366 4282 1491 4338 ommam
1501 4319 1511 4351 ,
1528 4276 1583 4340 dte
1601 4298 1669 4340 cum
1687 4278 1849 4350 Lambino,
1875 4283 1965 4346 Gru&

568 4355 698 4419 eundbm
715 4374 850 4425 naturam.
870 4355 974 4437 Noster
992 4358 1030 4416 de
1047 4355 1139 4417 Finib.
1149 4355 1199 4415 lib.
1209 4376 1240 4423 v,
1279 4356 1391 4440 rerdque
1405 4358 1486 4419 malis
1507 4362 1541 4420 ad
1559 4362 1816 4453 comprehendendam
1828 4360 1964 4441 ingeniis

571 4458 690 4515 cap.17.
716 4438 795 4497 Halm
810 4436 909 4517 stanna
931 4441 1039 4528 corporis
1052 4452 1103 4531 per
1111 4437 1143 4517 se
1161 4440 1241 4520 ignem
1279 4444 1404 4500 virttem
1419 4461 1434 4517 5
1454 4440 1542 4521 menri
1553 4441 1699 4508 Ciceronis
1716 4442 1871 4505 adversatur
1891 4462 1964 4505 vox

572 4522 677 4597 expetit,
690 4521 735 4601 qur·
745 4517 777 4595 ast
787 4518 899 4577 maxoni
910 4515 926 4580 ὁ
938 4531 1041 4582 naama.
1060 4516 1107 4578 Sic
1120 4519 1151 4579 &
1167 4519 1241 4579 alibi.
1281 4521 1446 4603 pequlrima.
1477 4515 1556 4583 Nam
1582 4522 1696 4585 virtutes
1722 4523 1834 4604 proprie
1855 4522 1968 4597 diane,

575 4598 733 4679 pavrsrus.
1006 4602 1010 4607 '
1282 4621 1341 4660 non
1362 4600 1457 4683 sqllrnt
1479 4606 1591 4683 ingeniis
1615 4608 1851 4688 comprehendenda
1873 4644 1883 4674 ,
1909 4604 1969 4671 sed

616 4695 662 4751 23.
683 4677 727 4765 <ld
745 4677 1003 4767 comprehendendas»
1028 4681 1140 4771 ingentu
1157 4684 1243 4741 virtu-
1282 4682 1374 4765 multb
1390 4682 1480 4764 magis
1496 4684 1553 4746 vita
1569 4685 1835 4766 suntexprirnenda.
1865 4688 1972 4761 Quod

565 4762 651 4851 rann]
671 4756 737 4817 sne
760 4772 829 4820 cum
845 4756 984 4847 veteribus
1002 4759 1083 4825 editas
1105 4760 1182 4853 legat
1200 4765 1242 4821 in·
1280 4758 1423 4854 dairmres
1434 4769 1533 4849 nigenii
1551 4787 1604 4853 pro
1627 4767 1817 4849 docilitate&
1836 4788 1974 4844 ‚memo-
