4259 5592
504 430 585 532 „0
794 395 1654 491 TUSCULANARUM?

505 614 667 677 omnem
682 588 760 677 ess'e
777 584 1028 678 tolerabilem
1054 583 1177 673 Unde
1190 586 1310 701 igitur
1322 583 1487 671 ordiar?
1506 594 1570 675 An
1581 581 1725 674 eadem
1742 584 1916 677 breviter
2090 607 2091 688 j

504 709 718 905 pelagum,
748 734 835 821 quae
862 702 991 791 modi)
1012 700 1120 807 dixi,
1140 705 1226 817 quir
1246 700 1397 789 facilius
1424 706 1553 789 oratio
1579 700 1769 816 progredi
1797 708 1914 816 pouit
2090 749 2091 776 ι

519 852 574 908 on
604 852 687 906 rus.
1218 859 1222 867 ·

564 852 663 1021 llrter
683 964 820 1021 omues
845 934 964 1049 igitur
989 934 1073 1019 hoc
1096 934 1272 1039 constat,
1287 961 1362 1021 nec
1383 932 1530 1021 doilos
1555 936 1739 1021 homines
1762 929 1917 1041 mlum,

508 1048 572 1134 sed
592 1054 706 1135 etiam
731 1051 948 1153 indoetos,
969 1048 1149 1135 virorum
1169 1050 1246 1135 else
1271 1048 1463 1153 sortium,
1482 1051 1524 1137 ἃ
1540 1055 1917 1165 magnanimorum,

509 1166 548 1248 8<
568 1166 830 1278 parientium,
852 1168 892 1251 &
915 1168 1087 1251 hununa
1110 1168 1380 1265 vincentium,
1399 1164 1606 1252 toleranter
1620 1164 1805 1251 dolorem
1824 1170 1917 1277 pati.
2091 1219 2092 1272 r

508 1288 596 1366 Nec
623 1285 717 1367 veri)
741 1281 947 1397 quisquam
973 1280 1071 1384 fuit,
1096 1280 1168 1393 qui
1188 1308 1307 1383 eum,
1327 1277 1398 1395 qui
1415 1279 1470 1366 ita
1490 1303 1714 1395 pateretur,
1732 1282 1919 1369 nonlau!

509 1394 687 1481 dandum
710 1418 874 1509 putaret.
903 1393 1030 1519 Qrod
1050 1423 1147 1509 ergo
1166 1396 1206 1481 &
1222 1396 1439 1507 postulauit
1459 1399 1485 1481 i
1504 1394 1703 1500 sortibus,
1722 1396 1764 1483 ἃ
1780 1395 1918 1483 nuda-

510 1533 574 1597 tur
586 1573 598 1614 ‚
612 1510 792 1614 cumfit,
810 1510 852 1595 id
867 1532 936 1596 aut
954 1510 1201 1595 extimescere
1222 1514 1404 1614 veniens,
1415 1533 1485 1597 aut
1503 1542 1589 1599 uon
1607 1512 1708 1596 ferre
1728 1512 1916 1625 praesetu,

511 1632 646 1711 nonne
665 1650 778 1741 turpe
800 1626 879 1717 est?
902 1626 1024 1740 Atqui
1043 1624 1165 1730 vide,
1184 1653 1260 1729 ne,
1281 1621 1377 1710 clun
1394 1654 1533 1713 ornnes
1552 1630 1805 1714 reaae'animi
1820 1627 1919 1711 affe·

512 1743 662 1828 clionee
699 1742 865 1825 virtutes
897 1740 1171 1855 appellentur,
1207 1770 1291 1825 non
1332 1741 1378 1827 srt
1410 1744 1494 1827 hoc
1526 1740 1734 1855 proprium
1767 1769 1920 1848 nomeu

514 1861 697 1943 omnium
716 1890 725 1943 :
757 1856 821 1941 sed
844 1856 895 1941 ab*
916 1882 989 1959 ea,
1016 1884 1104 1971 qua
1129 1885 1210 1941 una
1244 1855 1390 1941 caeteris
1419 1857 1656 1962 excellebat,
1677 1884 1816 1943 omues
1839 1886 1919 1945 no-

514 1971 667 2057 minato
693 1973 774 2057 sint.
823 1970 1023 2085 Appellata
1046 1974 1101 2054 est
1123 1975 1228 2056 enim
1250 1976 1274 2057 i
1296 1970 1378 2055 viro
1396 1972 1540 2059 virtus:
1563 1977 1636 2059 viri
1660 1996 1789 2058 autem
1815 2000 1918 2085 pro·

514 2086 600 2201 pria
628 2088 796 2173 maximi:
823 2088 877 2170 est
903 2084 1110 2171 fortitudo.
1168 2085 1294 2194 Cuius
1319 2114 1483 2173 munera
1504 2086 1591 2174 duo
1619 2088 1706 2173 sttut
1725 2086 1917 2174 maxima:
2092 2119 2093 2126 ¹

516 2196 676 2307 mortis,
691 2199 913 2315 dolorisque
926 2199 1190 2315 contemptio.
1219 2199 1423 2287 Utendum
1446 2206 1498 2286 est
1516 2202 1636 2317 igitur
1651 2204 1737 2305 hir,
1752 2204 1922 2289 srvirtu-

519 2318 568 2402 tis
591 2339 820 2432 compotes,
837 2316 898 2401 vel
921 2311 1055 2430 potiirs
1078 2318 1106 2399 st
1132 2318 1205 2400 viri
1228 2315 1413 2403 volumus
1432 2318 1538 2423 else,
1558 2315 1751 2432 quoniam
1777 2323 1804 2405 a
1830 2320 1922 2408 viris

518 2436 640 2519 virtus
663 2458 812 2517 nomen
832 2432 886 2515 est
911 2452 1099 2515 mutuata.

443 2567 500 2581 ’⁸
578 2548 740 2653 Qraeres
763 2544 948 2649 sortasse,
999 2574 1058 2631 uo
1080 2542 1236 2632 modo:
1261 2546 1435 2636 &recle
1465 2548 1600 2635 Talem
1626 2551 1734 2634 enim
1757 2546 1922 2633 medici-

452 2632 501 2710 ¹9
521 2688 611 2746 nam
634 2656 881 2775 philosophia
906 2688 952 2772 pt
1009 2682 1122 2747 tetur.
1150 2659 1267 2745 Venit
1283 2661 1502 2775 Epicurus,
1516 2667 1643 2751 homo
1659 2663 1821 2749 mittime
1837 2691 1924 2747 nra·

522 2776 607 2879 lus,
632 2776 691 2861 vel
712 2778 849 2892 potitis
868 2780 927 2862 vir
948 2779 1145 2891 optimus:
1166 2779 1322 2861 tantum
1338 2803 1508 2883 monet,
1526 2775 1719 2893 quantitm
1738 2779 1923 2892 iutelligit

524 2886 717 3008 Neglige,
740 2895 891 3004 inquit,
912 2890 1080 2974 dolorm
1122 2890 1225 3007 Qu
1243 2894 1324 2979 hoc
1345 2890 1469 2986 dicit?
1494 2894 1602 2979 ldem
1614 2958 1628 3000 ,
1647 2895 1720 3008 qui
1739 2893 1923 2979 dolorem
2093 2943 2094 2988 r

522 3006 719 3092 summum
741 3006 896 3091 malum.
936 3010 1010 3091 Vix
1040 3007 1123 3090 uris
1153 3006 1385 3093 constanter.
1415 3008 1642 3095 Audiamue
1685 3011 1727 3097 Si
1741 3014 1927 3112 summus
2093 3065 2094 3108 ,

526 3124 627 3205 dolor
648 3120 717 3235 est,
739 3124 895 3234 inquit,
917 3120 1042 3230 neceffl·
1065 3119 1115 3234 ‘fl
1135 3122 1286 3204 brerrcm
1312 3128 1386 3231 effe.
1444 3124 1664 3210 iterandum
1693 3124 1834 3209 eadem
1857 3122 1927 3210 ista

526 3238 647 3323 mihi:
670 3266 753 3321 non
776 3238 881 3319 enim
903 3234 985 3321 satis
1007 3235 1207 3350 intelligo,
1228 3236 1328 3350 quid
1347 3238 1543 3323 summum
1567 3239 1674 3326 dines
1699 3241 1803 3343 effe,
1827 3237 1928 3354 quid

527 3357 655 3440 breve.
685 3354 907 3454 Summum,
930 3380 1003 3466 qur
1023 3351 1123 3449 nihil
1126 3354 1181 3463 fit
1192 3354 1396 3463 superius:
1418 3356 1547 3460 breve,
1562 3386 1635 3471 quo
1653 3356 1752 3437 ruhil
1762 3355 1928 3438 trenas.

529 3473 726 3559 contemno
747 3469 1052 3581 magnitudinem
1072 3466 1227 3572 doloris,
1249 3466 1276 3548 a*
1298 3496 1379 3583 qua
1397 3499 1457 3551 me
1469 3470 1637 3555 breuius
1651 3472 1824 3585 temporis
1837 3471 1927 3553 vin-

529 3585 669 3667 dicabit
686 3584 779 3666 anti
794 3584 899 3695 pani
920 3582 1041 3697 qurim
1064 3580 1218 3667 venerit.
1246 3582 1323 3667 Sed
1338 3584 1365 3667 st
1383 3590 1435 3669 est
1453 3609 1584 3673 tantus
1603 3585 1743 3686 dolor,
1785 3608 1927 3673 uentus

529 3700 777 3814 Philoiletae,
796 3701 896 3783 bene
917 3696 1028 3808 plani
1047 3726 1213 3811 magnus
1235 3693 1331 3783 mihi
1352 3700 1515 3813 quidem
1530 3701 1683 3787 videtur
1690 3617 1782 3805 ,sed
1794 3722 1929 3785 tamen

528 3845 613 3903 non
635 3814 835 3899 summus:
857 3812 950 3898 nihil
970 3816 1075 3897 enim
1095 3812 1229 3915 dolet,
1246 3814 1315 3897 nisi
1337 3839 1418 3925 pes.
1457 3818 1620 3903 Possunt
1644 3816 1775 3901 oculi:
1799 3814 1929 3929 potest

529 3952 683 4187 ἓξ
697 3928 1931 4272 nsaht

557 4190 653 4241 Ham
679 4190 737 4241 mo
807 4188 843 4243 ae.
1546 4203 1551 4215 ·

532 4190 557 4299 'q
588 4280 708 4387 Nunc
729 4303 805 4390 ego
829 4304 912 4359 non
936 4275 1095 4387 possum
1116 4289 1270 4359 tautum
1292 4278 1497 4362 hominem
1517 4277 1611 4363 nibil
1627 4278 1756 4389 sapere
1777 4273 1931 4361 diocte:

531 4390 595 4478 std
617 4422 692 4477 nos
714 4388 763 4478 ab
781 4420 832 4476 eo
854 4388 1020 4475 derideri
1039 4410 1153 4502 puto.
1182 4392 1477 4503 Egosummum
1499 4392 1681 4479 dolorem
1701 4389 1934 4499 (summum

531 4530 663 4592 autem
676 4506 797 4611 dico,
817 4506 970 4591 etiamn
983 4504 1127 4590 decem
1139 4506 1281 4591 atomis
1292 4509 1347 4593 est
1360 4510 1482 4623 major
1497 4509 1621 4620 alius)
1635 4538 1719 4595 non
1735 4510 1933 4613 continui)

533 4618 627 4709 dico
647 4626 722 4709 else
744 4624 910 4709 b'revem:
925 4620 1147 4735 multosque
1169 4624 1326 4733 possum
1340 4622 1472 4715 bonos
1485 4630 1592 4713 viros
1614 4627 1844 4730 nominare,
1859 4626 1936 4739 qui

533 4737 753 4851 complures
774 4764 899 4825 annos
929 4736 1135 4827 dolon'bur
1157 4735 1347 4853 podagrae
1381 4743 1604 4831 crucientur
1623 4740 1833 4941 maximis.h
1855 4737 1937 4824 Sed

1028 4879 1031 4889 ·
1134 4898 1140 4907 ·
1834 4884 1943 4943 omo
