4259 5592
512 415 1215 507 .Luounnos·‘
1497 451 1548 526 ῃ

151 603 256 690 blica
277 601 538 714 disceptatur,
560 605 643 688 fieri
656 601 858 688 'interdurn
871 600 982 688 solet:
1008 603 1171 714 jurarem
1192 629 1260 716 per
1275 610 1415 806 &ovem
1435 601 1550 687 deds-

155 745 251 832 que,
256 739 445 830 penates,
464 743 529 802 me
550 715 738 802 &ardere
757 716 888 803 studio
911 719 993 801 veri
1020 715 1257 832 reperiendi,
1332 748 1377 805 ea
1396 720 1550 818 sentire,

157 861 245 968 qua
271 830 453 916 dicerem.
535 834 572 913 ul
595 833 698 915 enim
722 833 883 942 possum
906 861 989 917 non
1013 858 1157 942 cupere
1183 858 1320 919 verum
1347 834 1550 934 invenire,

159 974 251 1030 cum
272 943 495 1058 gaudeam,
535 943 682 1028 rsrmile
701 945 784 1029 veri
805 944 903 1060 quid
925 944 1160 1035 invenerim?
1188 945 1265 1028 Sed
1282 1010 1295 1050 ,
1310 971 1354 1033 ut
1370 949 1450 1031 hoc
1462 942 1551 1055 pul-

159 1062 393 1144 cherrimum
415 1058 490 1141 else
510 1055 704 1170 judicem,
722 1089 811 1146 vera
822 1060 980 1163 videre,
996 1063 1073 1165 stc,
1090 1089 1165 1172 pro
1182 1064 1280 1142 veris
1302 1060 1471 1174 probare
1483 1055 1552 1138 sal-

161 1174 223 1277 sa,
245 1173 499 1285 turpissimum
522 1172 586 1257 est.
613 1181 700 1262 Nec
730 1199 864 1260 tamen
888 1203 966 1288 ego
990 1174 1144 1277 issum,
1169 1176 1239 1282 qui
1261 1171 1355 1256 nihil
1378 1199 1556 1285 unquam

162 1287 236 1370 salsr
257 1286 497 1399 approbem,
530 1291 598 1398 qui
628 1318 830 1401 nunquam
850 1291 1048 1392 assentiar,
1078 1291 1148 1400 qui
1172 1285 1265 1369 nihil
1286 1289 1449 1398 opiner:
1489 1283 1554 1367 sed

164 1405 368 1515 quaerimus
394 1399 445 1484 de
467 1402 643 1512 sapiente.
689 1407 775 1516 Ego
799 1407 891 1489 vero
921 1401 1246 1516 ipse&,1nagnus
1272 1396 1437 1511 quidem
1471 1393 1555 1481 sum

166 1519 372 1628 opinator,
398 1515 635 1622 (nonenim
660 1519 742 1601 sum
766 1517 938 1629 sapiens)
963 1517 1002 1601 &
1023 1542 1127 1600 meas
1147 1513 1404 1627 cogitationes
1426 1513 1478 1596 stc
1491 1511 1555 1596 di·

158 1629 273 1742 'rig0,
298 1658 383 1715 non
404 1627 455 1712 ad
481 1627 580 1713 illam
601 1629 801 1740 parvulam
824 1632 1098 1744 Cynosuram,

336 1747 432 1853 Qu
446 1745 579 1858 fidunt
603 1745 881 1828 ducenarium
909 1745 1092 1830 Phoenices
1119 1745 1160 1827 in
1174 1746 1278 1848 alto,

167 1877 207 1942 ut
228 1861 281 1942 ait
301 1866 463 1961 Aratus,
489 1863 619 1972 eoque
639 1857 819 1945 directius
845 1853 1086 1972 gubernant,
1108 1859 1220 1974 quod
1240 1887 1326 1943 earn
1339 1878 1497 1961 tenent,

336 1976 431 2081 Qae
445 1975 551 2072 cursu
575 1971 741 2054 interiore
766 1976 870 2058 brevi
892 1975 1120 2057 convertitur
1136 1975 1247 2057 orbe:

168 2083 229 2171 sed
255 2082 306 2166 ad
336 2087 498 2168 Helicen
518 2087 556 2169 &
579 2085 794 2174 clarilsrmos
810 2093 1122 2201 Septentriones,
1142 2088 1273 2193 idest,
1290 2084 1455 2170 rationes
1474 2085 1555 2187 has,

169 2201 299 2284 latiore
324 2196 448 2309 specie
462 2262 475 2302 ,
491 2227 575 2282 non
597 2197 647 2282 ad
675 2224 792 2285 tenue
820 2203 996 2287 elimatas.
1035 2205 1094 2285 Eo
1118 2199 1184 2304 fit,
1207 2225 1252 2286 ut
1277 2227 1400 2284 errem
1423 2199 1462 2282 8<
1484 2227 1555 2281 va-

169 2311 380 2424 gestarius.
421 2311 497 2398 Sed
518 2342 602 2397 non
619 2313 669 2397 de
688 2343 772 2419 me,
794 2340 838 2400 ut
870 2314 976 2417 dixi,
1009 2314 1073 2399 sed
1095 2313 1146 2401 de
1165 2315 1332 2427 sapiente
1362 2309 1555 2425 quaeritur.

170 2425 251 2510 Visa
274 2431 381 2509 enirn
401 2427 468 2512 illa
498 2423 590 2511 cirm
616 2433 749 2514 acriter
767 2452 937 2514 mentem
959 2428 1157 2513 sensumve
1175 2427 1430 2541 pepulerunt,
1453 2427 1557 2510 acci·

170 2546 260 2654 pio,
284 2539 413 2652 hisque
436 2541 629 2624 interdum
647 2541 762 2627 etiam
783 2542 989 2645 assentior,
1019 2571 1092 2628 nec
1113 2543 1289 2655 percipio
1313 2567 1464 2626 tamen:
1495 2543 1558 2622 ni-

170 2652 220 2738 hil
249 2657 352 2764 enim
378 2650 540 2739 arbitror
564 2657 674 2767 poss‘e
699 2663 857 2771 percipi.
887 2659 987 2741 Non
1016 2655 1099 2742 sum
1119 2657 1290 2768 sapiens:
1309 2659 1441 2769 ltaque
1470 2653 1558 2736 visre
1621 2740 1625 2749 ,

170 2765 298 2870 cedo,
320 2795 449 2880 neque
471 2771 627 2882 possum
643 2770 813 2856 resrssere.
841 2767 1028 2884 Sapientis
1050 2792 1182 2855 antem
1205 2772 1307 2852 hanc
1333 2768 1458 2851 censet
1484 2773 1559 2850 Ar-

169 2881 296 2966 cefilas
315 2885 395 2965 vim
421 2885 496 2966 else
517 2881 748 2986 maximam,
778 2885 932 2971 Zenoni
952 2883 1177 2987 assentiens,
1203 2911 1338 2968 cavere
1362 2909 1412 2965 ne
1431 2889 1559 2993 capia-

171 3019 258 3081 tur:
285 3022 334 3077 ne
359 2995 528 3099 fallatur,
557 2995 696 3080 videre.
725 2999 831 3083 Nihil
849 2999 902 3081 est
916 2997 1020 3082 enim
1037 2997 1086 3082 ab
1102 3025 1149 3081 ea
1171 3002 1422 3112 cogitatione,
1437 3023 1559 3106 quarn

168 3109 361 3193 habemus
384 3107 433 3194 de
456 3113 640 3222 gravitate
663 3111 860 3223 sapientis,
886 3139 1014 3198 errore
1027 3175 1041 3216 ,
1055 3111 1229 3216 levitate,
1254 3114 1465 3195 temeritate
1476 3107 1558 3191 dis·

168 3222 349 3334 junilius.

229 3333 343 3454 Qrd
363 3335 478 3449 igitur
505 3337 643 3452 loquat
666 3336 716 3422 de
738 3337 915 3424 finnitate
939 3339 1139 3453 sapientis?
1165 3368 1284 3454 quem
1311 3337 1472 3453 quidem
1497 3340 1560 3420 ni-

169 3447 226 3533 hil
258 3449 413 3562 opinari
437 3474 480 3535 tu
508 3477 697 3566 quoque,
722 3455 901 3557 Luculle,
926 3453 1121 3555 concedis.
1166 3453 1293 3572 Qod
1323 3451 1561 3565 quoniamst

166 3587 209 3648 te
230 3562 447 3674 probatur,
466 3565 486 3673 (
497 3591 540 3650 ut
559 3569 788 3678 praepostere
813 3591 943 3652 tecum
965 3599 1104 3682 agam,
1136 3597 1235 3653 mox
1251 3567 1488 3664 reseramrne
1510 3560 1561 3647 ad

167 3677 387 3788 ordinem)
416 3682 500 3764 haec
524 3677 694 3790 primirm
717 3681 914 3767 conclusio
936 3712 1056 3795 quam
1078 3681 1217 3767 habeat
1236 3679 1561 3785 vim,cons1dera

228 3796 273 3874 Si
292 3793 357 3877 ulli
378 3797 432 3877 rei
460 3793 605 3904 sapiens
632 3795 848 3881 assentietur
875 3826 1077 3909 unquam,
1097 3794 1310 3909 aliquando
1338 3795 1453 3900 etiam
1470 3796 1562 3903 opi·
1576 3868 1635 3884 ..

167 3901 354 3992 arabitur:
378 3906 471 3990 nulli
495 3907 612 4019 igitur
635 3908 689 3992 rei
711 3911 937 3994 assentietur.
967 3917 1082 3995 Hanc
1106 3910 1395 3994 conclusronern
1418 3906 1564 3996 Arcesi,
1579 3929 1627 3984 21

167 4016 232 4099 las
259 4019 420 4128 probat:
450 4021 705 4108 confirmabat
728 4022 833 4108 enim
857 4025 895 4108 &
923 4028 1117 4136 primum,
1147 4027 1190 4108 dt
1215 4021 1437 4108 secundum.
1466 4028 1566 4106 Car-

165 4129 321 4216 neades
340 4135 374 4178 ⁵⁹
387 4163 677 4250 nonnunquam
703 4129 914 4225 secundum
939 4137 1032 4224 illud
1057 4136 1197 4242 dabat,
1213 4136 1375 4222 assentiri
1390 4135 1565 4249 aliquan-

1490 4247 1559 4334 do.

154 4452 216 4510 aaa
236 4451 345 4523 dabar]
366 4455 508 4518 Secundus
528 4437 713 4518 conclufiotiis
733 4460 857 4526 modus,
887 4457 1020 4535 sentino.
1042 4458 1093 4516 llis
1115 4457 1206 4517 verbis
1236 4459 1321 4535 porri>
1343 4463 1459 4540 primum
1479 4462 1511 4521 &
1525 4461 1568 4539 fe-

155 4549 195 4592 ut
217 4530 318 4591 vidisti
334 4533 503 4616 descriptum
522 4536 551 4598 in
569 4538 706 4618 Topicis,
726 4541 773 4598 hic
796 4541 856 4618 ple·
897 4543 1010 4600 cundum
1027 4538 1115 4598 Stoici
1140 4538 1230 4600 solent
1242 4539 1283 4599 uti
1304 4540 1335 4598 in
1355 4539 1399 4600 his
1416 4542 1570 4603 concluso

152 4633 217 4672 nus
235 4610 285 4672 est
304 4641 311 4672 .·
333 4619 358 4676 Si
375 4618 421 4676 ulli
444 4623 482 4677 rei
503 4617 607 4702 ‚sapiens
636 4618 779 4702 afflictatur
806 4643 859 4680 un·
896 4629 967 4678 num
983 4620 1094 4689 modis,
1111 4640 1180 4697 quos
1195 4622 1226 4680 in
1242 4623 1346 4682 eodem
1363 4622 1438 4683 libro
1456 4623 1508 4685 illo
1523 4643 1571 4682 ex-

151 4715 286 4778 quam,
313 4698 456 4779 aliqnando
485 4705 561 4760 eriam
585 4705 727 4783 opinabitur
755 4727 763 4759 .·
789 4723 858 4762 mm·
896 4701 976 4779 ponit
992 4721 1050 4761 tarn
1070 4701 1378 4772 accuraraCicero,&
1400 4703 1571 4782 Chryfippue

147 4797 251 4860 quam
268 4796 363 4855 mrtem
386 4781 532 4864 opinabitur
551 4802 561 4858 a
582 4784 644 4858 uuili
667 4787 748 4865 igitar
767 4787 805 4860 rgi
823 4782 861 4864 aff
897 4786 973 4868 apud
988 4783 1153 4867 Diogenem
1170 4783 1200 4864 in
1218 4787 1355 4870 Zenone,
1376 4784 1474 4863 §salii
1496 4782 1572 4870 mul·

1539 4879 1571 4919 tr.
