4259 5592
568 452 650 560 ru
869 418 1666 523 nuscuntutnuu

563 613 693 741 perio
714 623 910 731 laboribus
933 598 975 708 u
994 616 1174 735 periculis
1203 618 1384 704 viveret?
1418 614 1583 725 Loquor
1607 610 1659 696 de
1683 602 1949 725 principibus:

563 740 664 855 quid
689 745 855 854 poete?
876 744 1026 827 Nonne
1050 735 1139 849 post
1163 757 1331 820 mortem
1358 720 1551 817 nobilitari
1573 726 1742 821 volunt?
1766 726 1881 815 Unde
1895 756 1950 813 er-

591 890 619 945 o
642 853 736 941 illud
751 860 775 939 ,2
1711 882 1727 905 τ’
1873 856 1876 863 ’

562 887 598 1067 g,
735 971 922 1085 Aspicite,
946 973 975 1053 ὅ
987 969 1084 1051 cures
1096 1032 1111 1074 ,
1125 963 1227 1069 stetis
1249 960 1362 1049 Emtit'
1383 958 1558 1073 imagim'
1601 984 1769 1044 ormam:

791 1087 863 1171 Hic
882 1086 1039 1201 vespam
1059 1080 1202 1195 panxit
1222 1076 1395 1161 maxim
1405 1072 1517 1185 fitia
1532 1096 1705 1187 patrum.

561 1200 786 1310 Mercedem
810 1199 942 1315 gloria
969 1200 1116 1311 flagitat
1138 1195 1189 1282 ab
1224 1197 1294 1299 iis,
1316 1218 1491 1306 quorum
1514 1212 1640 1309 patros
1659 1190 1839 1279 affecerat
1865 1190 1951 1307 glo-

562 1316 628 1403 rii
656 1316 762 1401 idern
793 1342 845 1401 ue

735 1346 936 1516 himo'me
955 1424 1129 1543 lacrymis
1148 1427 1305 1527 decoret,
1321 1448 1384 1505 nec
1393 1417 1537 1531 frema
1544 1416 1647 1530 stetu
1661 1422 1696 1466 '⁰

794 1545 925 1632 Faxr't.
957 1545 1072 1632 Cur?
1098 1543 1209 1625 volito
1232 1538 1339 1624 vivu’
1351 1562 1423 1651 per
1443 1565 1507 1621 ora
1530 1537 1670 1621 viram.

563 1657 640 1745 Sed
668 1657 959 1772 quidpoitasi
984 1657 1162 1772 Opifices
1244 1655 1452 1740 stmortetn
1467 1650 1658 1737 nobilitari
1682 1647 1829 1737 volunt.
1845 1647 1952 1773 Qid

561 1776 669 1857 enirn
690 1772 845 1860 Phidias
866 1776 898 1817 ³¹
918 1774 973 1859 sui
998 1772 1155 1859 surrilem
1189 1775 1340 1889 peciern
1362 1768 1507 1853 inclusit
1525 1766 1566 1851 in
1590 1766 1733 1881 clypeo
1755 1767 1951 1867 Minerva,

561 1891 658 1981 crim
682 1880 883 1974 inscribere
897 1893 931 1933 ³²
948 1918 1032 1972 non
1058 1888 1212 1979 liceret?
1246 1882 1359 2009 Qtid
1381 1882 1500 1969 nostri
1530 1880 1791 1995 philosophi?
1826 1883 1952 1965 ndnne

562 2006 613 2089 in·
632 2004 692 2087 his
711 2004 802 2117 ipsrs
824 2003 956 2107 libris,
980 2032 1086 2117 quos
1118 2000 1289 2088 scribunt
1313 1997 1365 2084 de
1391 1994 1677 2084 contemnenda
1702 1991 1825 2109 gloria
1850 2055 1865 2098 ,
1895 1994 1950 2078 sua

563 2116 727 2204 nomina
746 2116 980 2209 inscribunt?
1911 2212 1916 2215 ,

622 2231 750 2358 Qrbd
782 2235 809 2318 sr
840 2239 1021 2320 omnium
1051 2228 1288 2333 consensus,
1317 2250 1460 2313 nanuae
1486 2256 1569 2313 vox
1601 2227 1677 2313 est:
1719 2220 1950 2336 omnesque,

564 2351 636 2460 qui
659 2342 808 2461 ubique
828 2349 939 2452 sunt,
966 2346 1213 2434 consentiunt
1235 2345 1313 2430 effe
1331 2343 1503 2457 aliquid,
1525 2340 1640 2455 quod
1672 2338 1722 2425 ad
1747 2364 1818 2424 eos
1842 2338 1951 2449 perti-

564 2483 679 2563 neat,
708 2460 779 2574 qui
797 2464 820 2547 ὲ
838 2466 918 2545 vita
940 2462 1143 2547 cesserint:
1178 2459 1294 2546 uobis
1333 2484 1499 2573 quoque
1520 2455 1628 2541 idern
1663 2452 1952 2540 exiffimanduu

565 2576 631 2658 eil.
660 2574 811 2678 Et,s1‚
843 2604 1017 2688 quorum
1051 2596 1118 2661 aut
1132 2574 1299 2689 ingenio
1331 2595 1399 2658 aut
1426 2577 1566 2658 virtute
1598 2572 1749 2655 animus
1782 2564 1951 2666 excellit,

564 2716 637 2775 eos
661 2684 911 2795 arbitramur,
936 2696 1030 2804 quia
1051 2690 1188 2775 naturai
1214 2686 1364 2802 optimi
1383 2686 1493 2791 sunt,
1518 2710 1675 2772 cernere
1699 2706 1844 2769 naturae
1877 2682 1951 2765 vim
2079 2692 2080 2717 ¹

564 2804 761 2890 uroximi:
786 2806 982 2892 verisimile
1002 2804 1079 2909 est,
1103 2801 1193 2890 cirnr
1217 2804 1391 2917 optimus
1411 2803 1575 2916 quisque
1597 2802 1764 2885 maxime
1795 2795 1953 2909 posteri-

546 2924 635 3029 tati
652 2920 809 3022 serviat,
828 2922 904 3005 eise
923 2917 1069 3034 aliquid
1089 2985 1103 3026 ‚
1123 2920 1230 3035 cujus
1249 2918 1280 3003 is
1305 2918 1395 3033 post
1416 2940 1585 3002 mortem
1605 2915 1752 3001 sensrun
1780 2914 1825 2997 srt
1849 2910 1953 2997 habi-

567 3058 689 3121 tUiUS.

1885 3136 1953 3227 Sed

607 3386 654 3443 30.
676 3370 731 3425 Ner
743 3369 843 3448 fitnera
856 3370 924 3447 stetu
937 3370 1033 3449 faxit]
1054 3369 1104 3429 Est
1114 3368 1144 3429 in
1157 3369 1243 3431 veteri
1286 3367 1344 3430 tind
1363 3369 1453 3433 reddit
1462 3370 1601 3448 Apuleius
1613 3387 1710 3449 pm.
1731 3372 1851 3431 Plridr'mr
1862 3368 1954 3428 ιἹΙω..
2078 3412 2079 3442 r

566 3446 665 3509 codice
677 3446 816 3530 Leydenli
836 3471 844 3510 r
866 3456 921 3511 Nec
931 3452 1031 3531 sienem
1049 3450 1145 3533 leffum.
1155 3455 1242 3525 Quod
1287 3454 1343 3509 vidi
1361 3452 1408 3533 ipse
1425 3456 1453 3511 in
1469 3452 1549 3533 clypeo
1571 3460 1752 3513 hliuma...
1771 3450 1875 3529 uissru‘
1884 3446 1952 3546 stne
2078 3468 2079 3485 ¹

565 3531 721 3590 tenendum
734 3530 852 3592 ridetur.
873 3538 1001 3591 Funerum
1022 3531 1152 3593 dicebant
1163 3531 1244 3592 semi·
1286 3533 1419 3592 situdinem
1440 3532 1560 3615 colligaffi
1569 3574 1578 3603 ,
1597 3540 1633 3595 ire
1652 3532 1769 3615 aofiqrris
1785 3530 1954 3613 oiimertfiru

567 3626 654 3702 natu,
664 3611 796 3702 adquam
806 3610 892 3674 funus
902 3612 1057 3705 pertinebat
1070 3654 1079 3685 ,
1094 3616 1124 3673 ὅ(
1136 3614 1245 3675 in'exe-
1287 3612 1401 3694 volmffrt
1434 3616 1525 3674 exinde
1551 3620 1693 3694 imaginun
1711 3614 1833 3697 separare
1848 3654 1857 3683 ,
1876 3612 1957 3690 solute

565 3693 1243 3859 {itiitlhhhltttlttl‘glr
1285 3694 1957 3855 :thtellhthhlhffll

566 3858 661 3915 cande
687 3854 728 3915 rei
745 3854 870 3916 maximi
898 3856 1056 3935 propriam,
1074 3856 1122 3918 sed
1148 3858 1243 3919 minias
1286 3856 1376 3921 tibur
1387 3878 1431 3918 ιι.
1442 3878 1501 3937 cap.
1518 3880 1562 3933 ¹4·
1575 3876 1602 3922 6.
1619 3858 1651 3920 ὃ(
1667 3858 1760 3921 noster
1775 3860 1813 3920 de
1828 3859 1904 3919 ont
1921 3858 1956 3917 11.

566 3956 665 3997 notam
680 3935 786 3998 librarii
800 3936 943 4015 scriptores
970 3956 1130 4009 mutarunt,
1147 3940 1178 3999 &
1192 3941 1243 4017 ste-
1288 3942 1509 4009 17.Dav1srus.

565 4036 623 4078 tum
638 4016 850 4091 substituerunt,
869 4020 1093 4089 tumhoc,n1m
1109 4020 1168 4081 aliis
1179 4022 1243 4099 plu·
1326 4042 1373 4099 32.
1393 4018 1457 4080 Cim
1475 4020 1608 4099 inscribere
1623 4042 1675 4081 m
1693 4021 1801 4091 licerer]
1825 4016 1920 4081 Moris
1931 4038 1957 4077 e-

566 4098 643 4160 ribus
658 4098 689 4159 iu
704 4098 783 4161 locis.
817 4105 906 4175 Quod
924 4100 1012 4162 miror
1035 4120 1094 4162 non
1117 4103 1242 4164 arrimd
1282 4120 1339 4172 rat,
1354 4120 1387 4162 ut
1410 4102 1518 4162 fictores
1540 4102 1657 4165 nomina
1677 4100 1724 4163 sua
1745 4100 1840 4163 llauir
1860 4098 1959 4160 insuti
2077 4138 2078 4161 2

565 4180 671 4241 vertisse
681 4180 836 4262 Joseplrutn
849 4184 1043 4264 Scaligerurn,
1053 4183 1121 4243 chrn
1137 4182 1167 4243 in
1183 4186 1240 4244 Ca·
1283 4202 1388 4260 petent
1410 4182 1514 4245 Plinius
1527 4185 1562 4242 H.
1573 4185 1612 4247 N.
1629 4182 1706 4245 Praei.
1723 4182 1958 4263 Pingendilhtgtn·

568 4258 673 4325 taleriis
694 4264 746 4324 hos
764 4264 886 4326 Enniani
901 4264 1036 4344 epitaphii
1046 4264 1138 4327 vetsru
1151 4264 1240 4344 expli·
1281 4268 1358 4347 dique
1386 4268 1526 4325 mnditores
1549 4268 1670 4326 invenies
1698 4263 1811 4344 absohta
1835 4280 1957 4346 opere...
2077 4274 2078 4277 ’

568 4358 652 4405 caret.
683 4348 721 4405 At
738 4345 789 4407 ille
806 4345 921 4423 quidem
945 4344 1009 4405 seire
1033 4346 1161 4425 exposuit
1179 4368 1239 4425 qua
1275 4350 1397 4429 potienti
1413 4346 1486 4407 ritulo
1509 4344 1649 4489 ins-rippffe
1664 4387 1673 4421 ,
1691 4368 1722 4408 ur
1738 4346 1856 4425 Apelles
1878 4344 1959 4406 fade·

566 4428 604 4488 ad
618 4434 746 4487 Famem
763 4427 880 4489 attinent
898 4450 909 4494 ‚·
929 4428 1053 4505 itemque
1074 4429 1109 4487 G.
1130 4432 1155 4489 J.
1172 4428 1242 4491 Vos·
1280 4430 1328 4491 bat
1342 4446 1388 4489 aut
1407 4426 1574 4510 Polycletus.
1608 4446 1683 4489 nau.

566 4504 1140 4592 tusinnrymlrg.n·rg.1.ar.v;fmu
1163 4511 1194 4573 dt
1210 4531 1240 4573 v.
1323 4530 1369 4589 33.
1391 4510 1491 4590 Easque
1508 4512 1683 4593 fumidines]
1706 4508 1854 4571 Hotloeo
1867 4508 1960 4588 furni

568 4586 662 4666 laeffm.
681 4592 846 4651 Buunms.
1281 4592 1370 4665 dines,
1388 4595 1466 4671 quod
1488 4594 1590 4672 opinor
1604 4592 1657 4655 eise
1668 4592 1811 4653 'hedenus
1832 4588 1959 4653 observa-

575 4688 579 4693 ·
609 4686 657 4743 3¹·
678 4670 951 4749 Phiiiarfirifimiiem
1013 4678 1077 4734 ciem
1093 4674 1193 4753 irtelrtlir
1211 4678 1239 4734 r'rr
1280 4690 1343 4733 tum
1374 4676 1390 4734 i
1414 4676 1560 4747 uenture,
1597 4676 1814 4755 haudquaquam
1842 4674 1960 4736 timores

567 4766 589 4841 e·
633 4752 819 4825 ouium]
843 4754 923 4813 Hanc
964 4754 970 4765 '
996 4756 1087 4816 oriam
1100 4754 1182 4815 resen
1205 4759 1243 4815 Α·
1281 4750 1522 4827 suntacmenrs-;
1542 4756 1708 4821 sedentum
1728 4755 1822 4819 must.
1840 4759 1960 4817 Formido

713 4832 759 4894 de
771 4833 881 4895 mundo
890 4850 993 4911 cape.
1010 4838 1079 4918 Ejus
1088 4838 1174 4901 verba
1187 4838 1246 4899 La·
1280 4852 1408 4903 veterum
1420 4839 1613 4923 supoffiione
1627 4839 1792 4913 consecuta,
1805 4858 1893 4936 quarn
1903 4840 1960 4916 Hp-

1855 4939 1956 5004 pout,

2075 4769 2077 4804 l
