4259 5592
500 488 1236 590 traunturuus
1502 532 1583 620 ,η

186 684 227 779 8(
249 692 423 805 effugere
436 691 776 803 reprehensronem
789 686 937 795 velitis,
954 687 1119 774 efferatis
1133 680 1280 799 aliquid
1295 747 1309 789 ,
1327 684 1441 799 quod
1456 690 1592 775 omni-

185 837 242 894 no
267 837 315 893 ne
336 806 419 891 fieri
442 804 604 919 quidem
631 804 769 921 possrt:
798 828 844 893 ut
867 807 981 893 satius
1004 802 1122 890 suerit
1149 798 1243 889 illud
1269 798 1488 913 ipsum,de
1503 832 1590 919 quo

182 920 472 1037 ambigebatur,
497 921 746 1024 concedere,
774 924 896 1036 quirm
919 948 998 1009 tam
1030 918 1280 1035 impudenter
1308 918 1482 1005 resistere.
1510 926 1591 1004 Ve-

182 1038 240 1123 lut
261 1042 472 1149 Epicurus,
496 1042 592 1124 cum
611 1034 783 1140 videret,
805 1039 832 1122 sr
853 1042 976 1123 atomi
992 1036 1181 1121 ferrentur
1205 1036 1245 1118 in
1274 1029 1410 1121 locum
1424 1032 1590 1123 inferio·

183 1180 264 1239 rem
288 1152 426 1267 suopte
453 1153 658 1263 pondere,
685 1150 781 1236 nihil
800 1152 887 1237 fore
913 1159 955 1238 in
975 1154 1102 1239 nostra
1126 1146 1341 1265 potestate,
1368 1148 1482 1266 quod
1501 1152 1594 1236 esset

182 1296 317 1353 earum
341 1290 473 1352 motus
495 1291 622 1355 certus
646 1268 957 1370 &necessarium
983 1271 1134 1358 invenit
1157 1294 1243 1381 quo
1274 1265 1404 1353 modo
1433 1268 1597 1351 necessr-

47 1476 50 1481 ,
182 1406 302 1470 tatem
322 1386 534 1495 effugeret3
589 1381 675 1470 uod
694 1382 874 1470 videlicet
898 1385 1175 1472 Democritum
1208 1379 1371 1495 fugerat.
1412 1381 1479 1470 Ait
1503 1404 1594 1481 ato-

148 1528 165 1578 ’.
184 1527 327 1603 mum,
353 1502 449 1586 crim
472 1416 650 1635 pondere
674 1499 918 1613 &gravitate
942 1500 1093 1589 diretlo
1118 1497 1301 1586 deorsum
1319 1500 1488 1603 femtur,
1521 1495 1595 1582 de·

187 1614 330 1701 clinare
345 1612 556 1727 paululum
586 1620 680 1702 Hoc
695 1613 825 1701 dicere
848 1620 1001 1731 turpius
1020 1617 1221 1731 esl,qurim
1236 1611 1356 1718 illud,
1369 1612 1596 1727 quodvult,

184 1758 272 1816 non
296 1728 407 1841 posse
432 1727 654 1816 defendere.
699 1727 806 1815 ldem
832 1730 923 1818 facit
949 1756 1086 1819 contra
1112 1729 1413 1826 dialesticos3a
1447 1727 1596 1844 quibus

133 1910 136 1915 -
183 1841 278 1931 ciem
307 1840 493 1930 traditum
519 1846 586 1949 srt,
604 1849 646 1930 in
675 1842 862 1931 omnibus
879 1846 1208 1958 disjunslionibus
1220 1912 1233 1952 ,
1253 1849 1295 1929 in
1315 1839 1489 1958 quibus,
1520 1868 1596 1928 aur

181 1960 325 2065 etium,
347 1982 420 2041 aur
441 1990 536 2064 non,
566 1979 803 2075 poneretur,
824 1960 1050 2049 alterutrum
1080 1989 1220 2046 verum
1241 1962 1343 2062 elle,
1370 1960 1596 2071 pertimuit,

182 2101 261 2182 ne,
281 2075 310 2160 sr
348 2074 576 2162 conoessum
611 2078 703 2161 esset
726 2070 947 2186 hujusmodi
967 2076 1141 2192 ahquid,
1161 2078 1252 2162 Aut
1274 2075 1500 2179 vincturas,
1521 2098 1596 2161 aut

125 2250 126 2253 s
180 2220 258 2273 mn
286 2189 391 2272 vivet
413 2188 624 2299 Epicurus,
646 2189 871 2275 alterutrum
898 2189 1006 2278 fieret
1032 2192 1311 2277 necessarium:
1335 2211 1466 2275 totum
1486 2192 1596 2299 hoc,

184 2328 264 2389 aut
281 2305 399 2387 etiam
412 2327 488 2387 aut
506 2334 593 2408 uon,
606 2308 764 2418 negavit
789 2306 865 2391 esse
879 2308 1141 2394 necessatium.
1171 2312 1270 2430 Qo
1290 2303 1388 2415 quid
1401 2302 1480 2391 dici
1501 2329 1599 2419 pot-

179 2422 242 2505 est
266 2419 480 2507 obtusius?
509 2416 681 2533 Urgebat
703 2420 884 2507 Arcesilas
897 2426 1104 2509 Zenonem
1119 2485 1132 2525 ,
1148 2416 1241 2504 clun
1257 2419 1337 2535 ipse
1362 2417 1447 2504 salsa
1461 2424 1597 2507 omnia

179 2535 356 2640 diceret,
382 2562 470 2650 quae
493 2534 657 2622 sensibus
671 2534 920 2623 viderentur:
942 2542 1055 2625 Zeno
1078 2561 1208 2621 autem
1222 2535 1410 2621 nonnulla
1429 2537 1508 2621 visa
1521 2538 1599 2623 effe

180 2649 302 2753 false,
333 2678 417 2737 non
446 2654 589 2737 omnia.
620 2654 770 2739 Timuit
794 2650 1016 2766 Epicurus,
1038 2679 1116 2755 ne,
1144 2651 1172 2735 fi
1201 2680 1327 2736 unum
1355 2650 1478 2734 visum
1506 2652 1599 2741 esset

182 2764 349 2868 falsum,
381 2763 530 2849 nullum
556 2766 648 2851 esset
685 2792 847 2852 verum:
872 2794 1011 2853 omnes
1045 2767 1172 2851 serrsus
1195 2770 1276 2853 veri
1310 2769 1472 2852 nuntios
1498 2766 1598 2855 dixit

182 2882 278 2965 effe.
306 2878 414 2965 Nihil
437 2881 583 2965 horum
590 2944 604 2984 ,
639 2881 707 2964 nisr
739 2880 884 2968 calide.
925 2887 1154 2969 Graviorem
1178 2885 1283 2965 enim
1311 2880 1464 2995 plagam
1492 2886 1597 2967 acci-

180 2990 351 3109 piebat,
379 3016 424 3078 ut
446 2993 634 3081 leviorem
669 2996 878 3107 repelleret.
922 2997 1032 3082 ldern
1066 2996 1158 3081 facit
1176 3000 1218 3080 in
1250 3017 1385 3080 natura
1415 2995 1597 3083 deorum.

179 3116 300 3195 Dum
326 3107 626 3195 individuorum
648 3138 863 3223 corporum
890 3116 1189 3199 concretionem
1206 3110 1335 3225 sugit,
1357 3139 1408 3195 ne
1423 3116 1613 3198 interitus

180 3224 229 3310 8(
254 3221 448 3337 dilsrpa'tio
469 3226 757 3341 consequatur,
785 3249 902 3339 negat
924 3230 1000 3311 else
1023 3250 1169 3339 corpus
1193 3226 1393 3329 deorum,
1418 3225 1484 3311 sed
1510 3252 1597 3313 ten-

180 3368 312 3455 quam
337 3364 506 3453 corpus3
529 3366 601 3427 nec
628 3342 880 3452 sanguinem,
895 3341 960 3427 sed
979 3365 1167 3455 tanquam
1187 3342 1423 3454 sanguinent

248 3450 424 3541 Mirabile
444 3453 628 3560 videtur,
648 3454 762 3570 quird
787 3486 870 3542 non
891 3456 1013 3545 rideat
1027 3460 1063 3502 ⁴⁹
1080 3454 1291 3568 haruspex,
1314 3461 1408 3539 crim
1421 3452 1596 3568 haruspi·
1611 3492 1670 3595 ᾖ

178 3596 279 3657 cern
307 3569 457 3655 viderit.
486 3572 581 3657 Hoc
610 3566 820 3655 mirabihus
832 3634 845 3674 ,
870 3570 984 3685 quod
1004 3601 1078 3657 vos
1107 3572 1206 3655 inter
1226 3600 1300 3656 vos
1321 3572 1438 3657 risum
1464 3596 1595 3655 tenere

180 3686 349 3801 poffiris.
379 3684 466 3771 Non
485 3683 536 3797 est
555 3710 706 3798 corpus,
718 3688 792 3787 sed
805 3691 915 3799 quast
927 3712 1062 3800 corpus.
1091 3691 1188 3773 Hoc
1204 3684 1454 3802 intelligerem
1464 3746 1479 3787 ,
1493 3716 1594 3797 qua·
1699 3754 1702 3757 .

177 3802 221 3886 le
251 3801 365 3904 esset,
384 3799 412 3884 sr
434 3798 477 3886 id
501 3806 543 3888 in
568 3806 665 3887 ceris
685 3803 717 3846 ⁵⁰
730 3799 967 3915 fingeretur,
991 3825 1058 3888 aut
1078 3801 1259 3888 fiffllbus
1277 3799 1438 3917 figuris:
1457 3802 1499 3885 in
1514 3800 1594 3888 deo

176 3911 292 4118 quid
318 3915 361 3999 srt
389 3917 497 4029 quast
523 3946 695 4032 corpur,
722 3943 789 4003 aut
811 3920 917 4030 quast
944 3916 1120 4052 sanguis,
1151 3916 1360 4031 intelligere
1382 3946 1465 4002 non
1504 3916 1596 4031 pos-'

193 4060 288 4118 urn.
316 4035 382 4117 Ne
408 4055 451 4116 tu
478 4031 669 4148 quidem,
689 4032 829 4119 Vellei:
852 4035 917 4121 sed
940 4066 1023 4122 non
1042 4036 1100 4118 vis
1125 4032 1244 4119 fateri.
1274 4033 1344 4118 llla
1362 4037 1466 4117 enim
1481 4037 1505 4118 al
1519 4062 1596 4119 vo-

176 4148 252 4233 bis
279 4146 387 4261 quast
415 4146 558 4236 dietata
586 4148 834 4238 redduntur:
870 4181 957 4268 quae
983 4154 1173 4265 Epicurus
1199 4148 1362 4236 oscitans
1385 4148 1596 4233 hallucina-

175 4288 254 4352 tus
277 4264 353 4367 est,
376 4268 471 4350 crim
494 4264 656 4380 quidem
673 4266 902 4393 gloriaretur
916 4333 929 4375 ‚
944 4290 988 4355 ut
1005 4266 1185 4353 videmus
1207 4268 1249 4349 in
1276 4263 1422 4377 scriptis
1432 4328 1446 4369 ,
1460 4263 1497 4347 se
1510 4294 1596 4349 ma·

1366 4430 1372 4438 -
1513 4386 1601 4495 gis·

172 4596 259 4637 cum
286 4576 397 4639 Davifio
416 4580 565 4659 aliquando.
592 4583 650 4644 Sed
660 4581 689 4662 fi
701 4602 792 4643 uarum
808 4606 818 4653 ς
834 4601 881 4644 aur
915 4602 1023 4645 rrsrus.

173 4656 243 4737 (ut
262 4678 323 4738 ego
344 4660 471 4740 malim)
494 4664 642 4745 aliquando.
663 4664 712 4725 'Er
733 4662 762 4743 ss
780 4682 879 4725 narum.
960 4683 1004 4735 50.
1028 4668 1058 4723 lrr
1074 4662 1320 4745 wlfingum,
1333 4662 1514 4744 urufil'h'lllurr
1528 4663 1600 4746 figes

172 4744 356 4801 Pmcrus.
913 4748 977 4823 ris]
1000 4743 1046 4806 Sic
1068 4742 1208 4805 editiones
1230 4743 1357 4817 Aldinae,
1384 4748 1462 4824 quod
1488 4746 1601 4825 amplis-
1741 4746 1744 4749 ’

224 4840 287 4895 49.
307 4826 369 4883 Nou
386 4826 469 4885 ridear
489 4822 628 4909 haruspex,
642 4824 701 4888 erim
723 4824 879 4909 haruspicem
916 4826 987 4889 fimo
1005 4823 1158 4898 sicherio,
1184 4825 1313 4907 mihique
1336 4832 1435 4909 placet
1456 4830 1553 4911 Vulgo
1573 4834 1602 4889 r'rr

171 4906 314 4975 viderit]
330 4906 393 4967 Hoc
410 4906 532 4969 Catonis
548 4908 676 4970 Censorii
696 4907 749 4970 suit
761 4910 880 4979 dietum
915 4914 980 4971 ceris
988 4908 1147 4993 fingeretur
1169 4910 1261 4971 luter.

170 5004 211 5051 ur
226 4985 329 5067 liquet
349 5006 385 5049 err
400 4988 451 5065 lib.
469 4992 506 5051 11.
519 4994 554 5053 de
569 4990 662 5055 Divin.
684 5011 746 5070 cap.
757 5014 803 5066 24.
826 4992 886 5051 Dru
