4259 5592
577 416 1291 521 srnsnrnrnus.
1568 470 1708 556 ης·
1850 370 1853 374 ’

236 620 372 702 autern
400 602 531 697 ffiorbi
550 608 638 696 sunt
667 608 895 727 cupidintes
918 608 1110 697 immense
1141 615 1181 701 8(
1209 614 1361 722 inanes,
1388 614 1640 730 divitiarum,

233 726 403 845 gloria,
430 727 736 830 dominationis,
755 724 1046 813 libidinosarum
1068 730 1185 814 etiam
1215 732 1471 843 voluptatum.
1511 742 1638 823 Acce-

231 844 338 929 dunt
349 841 625 958 aegritudines,
645 839 824 927 molestia:
835 904 850 946 ,
864 867 1078 945 maerores,
1092 842 1164 956 qui
1177 849 1329 933 animos
1350 848 1522 937 exedunt
1535 882 1636 940 con-

230 953 457 1086 ficiuntque
487 962 617 1060 curis,
637 958 847 1042 hominum
859 986 944 1045 non
965 954 1286 1069 intelligentium,
1310 961 1404 1047 nihil
1419 964 1635 1054 dolendtun

236 1071 314 1155 elle
339 1100 501 1173 murno,
526 1068 641 1185 quod
658 1070 705 1156 fit
732 1067 918 1159 adolore
953 1072 1133 1185 cospon's
1163 1076 1334 1187 prasenti
1364 1077 1549 1165 firtmdve
1577 1081 1636 1167 se·

226 1186 418 1298 luridum,
458 1190 547 1271 Nec
570 1187 666 1271 verd
705 1187 910 1301 quisquam
940 1186 1075 1272 llultus
1108 1216 1193 1274 non
1218 1191 1365 1275 horum
1399 1190 1634 1283 morborum

232 1300 368 1412 aliquo
387 1296 546 1385 laborat.
576 1301 716 1386 Nemo
736 1305 854 1413 igitur
876 1302 931 1386 est
956 1330 1038 1387 non
1063 1305 1190 1389 miser.

287 1414 448 1500 Accedit
469 1413 587 1499 etiam
609 1442 717 1501 mors
736 1442 878 1530 ,qua,
902 1417 1007 1530 quast
1023 1414 1156 1502 sarsum
1178 1418 1372 1521 Tantalo,
1394 1418 1541 1535 semper
1552 1425 1631 1511 irn-

230 1527 399 1641 pendet:
422 1554 508 1615 tum
522 1529 762 1643 superstiti03
779 1527 859 1645 qus
871 1530 942 1643 qui
960 1532 1015 1615 est
1038 1532 1240 1637 imbunrs,
1260 1533 1415 1647 quietus
1429 1538 1505 1619 else
1525 1564 1630 1623 nun-

232 1672 354 1757 quam
376 1643 513 1756 potest.
542 1650 727 1730 Praterea
748 1643 856 1733 bona
876 1645 1063 1756 praeterita
1094 1676 1180 1732 non
1205 1652 1500 1754 meminerunt,
1527 1678 1629 1763 prae-

227 1756 395 1844 sentibus
410 1788 494 1846 non
520 1757 724 1864 fruuntur,
743 1758 873 1847 sutura
891 1759 1020 1847 modo
1034 1759 1275 1876 exspectant:
1302 1791 1388 1873 qua
1409 1767 1502 1875 quia
1524 1790 1630 1853 certa

228 1874 307 1957 else
329 1904 412 1961 non
438 1874 621 1987 poliunt,
642 1871 905 1960 conficiuntur
925 1877 968 1961 8(
994 1902 1173 1990 angore,
1200 1876 1241 1959 δι
1271 1891 1412 1963 metus
1438 1882 1628 1967 maxime-

230 2013 311 2101 que
331 1992 577 2093 cruciantur,
603 1993 698 2075 cum
728 1989 812 2079 sert>
838 1987 1033 2093 sentiunt,
1061 1990 1198 2075 srullra
1213 1991 1250 2074 se
1268 2014 1335 2075 aut
1351 1997 1529 2101 pecuniae
1545 1993 1628 2079 stu-

227 2096 385 2205 duisse,
407 2124 474 2187 aut
498 2106 694 2217 imperiis,
715 2126 786 2189 aut
813 2100 985 2217 opibus,
1001 2125 1069 2188 aut
1087 2104 1229 2216 gloria.
1256 2104 1391 2191 Nullas
1405 2111 1511 2191 enim
1526 2135 1628 2191 con-

230 2216 447 2327 sequuntur
467 2217 710 2329 voluptates,
733 2246 904 2331 quarum
923 2216 1103 2331 potiendi
1128 2217 1193 2330 spe
1212 2220 1464 2323 mflnnmati,
1480 2220 1628 2305 multos

228 2326 384 2416 labores
413 2331 651 2441 magndsque
675 2333 925 2443 susceperant
1045 2362 1047 2367 ’

291 2448 394 2531 Ecce
410 2468 538 2533 autem
557 2444 618 2531 alii
642 2444 842 2532 minuti&
864 2445 1041 2559 angusti,
1068 2466 1135 2530 aut
1158 2445 1292 2533 omnia
1314 2445 1463 2561 seraper
1489 2447 1627 2562 despe-

227 2578 377 2664 rantes,
403 2582 470 2645 aut
484 2558 686 2664 malevoli,
702 2558 826 2645 invidi
843 2558 1270 2674 ,difficiles,lucisugi,
1294 2560 1493 2665 maledici,
1505 2591 1624 2649 mon-

226 2671 335 2760 llrosr
348 2680 413 2758 ²⁴:
436 2671 498 2759 alii
513 2694 645 2759 autem
663 2678 778 2760 etiam
801 2674 998 2761 amatoriis
1021 2672 1239 2760 levitatibus
1252 2673 1403 2779 dediti,
1426 2675 1488 2761 alii
1509 2701 1626 2790 petu-

226 2784 367 2891 lantes,
386 2788 449 2873 alii
475 2787 672 2892 audaces,
693 2794 890 2901 protervi,
922 2787 1041 2873 iidem
1073 2792 1370 2901 intemperantes
1396 2790 1435 2874 8(
1468 2794 1625 2902 ignavi,

229 2928 433 3017 nunquam
452 2907 493 2986 in
515 2901 696 2987 sententia
716 2925 992 3016 permanentes.
1032 2908 1143 3016 Qsas
1171 2902 1233 2988 ob
1258 2904 1385 2989 causas
1407 2905 1449 2987 in
1483 2931 1626 2989 eorum

232 3018 311 3100 vita
331 3017 433 3102 nulla
455 3015 510 3099 eli
534 3015 786 3130 intercapedo
802 3016 993 3103 molestia.
1021 3021 1034 3100 l
1066 3019 1282 3134 ‘turneque
1303 3018 1507 3103 stultorum
1522 3018 1627 3131 quis-

232 3158 353 3269 quam
379 3132 542 3234 beatus,
562 3158 692 3246 neque
712 3131 927 3246 sapientum
942 3044 1191 3216 nortleatus.
1220 3132 1430 3245 Multdque
1451 3132 1626 3218 hocme-

228 3242 301 3327 lius
325 3274 401 3332 nos
417 3245 623 3358 veriusque
649 3250 771 3358 quam
795 3249 926 3333 Stoici.
955 3243 1008 3330 llli
1029 3247 1137 3328 enirn
1156 3268 1299 3358 negant
1319 3246 1474 3331 bonum
1505 3246 1625 3359 quid-

228 3384 350 3469 quam
371 3361 477 3463 esse,
503 3360 573 3444 nisr
599 3358 862 3473 nescioquam
878 3357 1320 3473 illamumbram,quod
1339 3359 1532 3476 appelant
1545 3362 1625 3447 ho-

227 3474 410 3577 nestum,
435 3495 612 3559 nontam
634 3472 758 3559 solido
775 3480 894 3588 quim
915 3471 1118 3585 splendido
1142 3477 1329 3563 nomine:
1351 3480 1531 3563 virtutem
1552 3502 1625 3559 au·

224 3609 336 3692 tem,
358 3586 488 3673 nixam
510 3588 593 3674 hoc
616 3589 808 3693 honesto,
834 3587 976 3673 nullam
1000 3590 1194 3699 rerprirere
1217 3588 1482 3704 voluptatem,
1506 3612 1625 3699 atque

226 3702 278 3785 ad
297 3703 410 3788 bote
424 3700 637 3788 vivendum
661 3700 781 3817 seipsi
803 3704 879 3805 else
902 3722 1140 3786 contentam

287 3815 365 3901 Sed
382 3816 548 3928 possunt
563 3818 645 3904 hac
667 3814 840 3931 quadarn
862 3820 1011 3902 ratione
1030 3813 1136 3919 dici,
1152 3845 1237 3903 non
1260 3816 1387 3906 modo
1403 3847 1487 3904 non
1506 3843 1691 3929 repun-

231 3928 467 4041 gnantibus,
490 3928 629 4016 ver'irm
648 3934 770 4015 etiam
791 3928 1100 4046 approbantibus
1112 3928 1238 4017 nobis.
1266 3938 1328 4019 Sic
1342 3936 1446 4015 enim
1469 3928 1518 4014 ab
1531 3934 1625 4041 Epi·
1642 3941 1689 4019 19

227 4070 332 4129 curo
357 4044 504 4157 sapiens
526 4044 672 4162 semper
692 4042 828 4156 beatus
852 4044 1061 4131 inducitur.
1090 4048 1228 4133 Finitas
1248 4042 1364 4131 habet
1380 4042 1623 4160 cupiditates

231 4157 607 4273 negligitmortem3'
630 4159 681 4244 de
708 4159 781 4245 diis
807 4160 1089 4247 immortalibus
1116 4160 1193 4246 line
1215 4158 1294 4246 ullo
1313 4179 1421 4242 metu
1436 4185 1525 4243 vera
1539 4158 1623 4241 sen-

982 4280 1047 4395 Q
1069 4305 1091 4361 2
1551 4274 1597 4357 tit
1600 4300 1622 4375 3

261 4458 1624 4491 ,ρῳ-ΜΝ

272 4546 321 4599 24.
342 4525 498 4607 Morfirofi]
521 4524 679 4589 Lambinus
694 4527 910 4607 ‚conjetluram
944 4523 993 4585 nili
1011 4524 1087 4601 quod
1104 4523 1153 4583 ille
1164 4519 1323 4601 mentemst,
1343 4538 1428 4601 pout
1445 4516 1530 4580 etiam
1554 4529 1640 4579 noo·

220 4603 308 4667 suam
330 4605 466 4680 scurrus,
489 4604 577 4669 edidit
595 4606 694 4685 modi.
733 4607 825 4671 Nulla
841 4608 911 4671 verb
945 4604 1017 4668 nulli
1035 4604 1097 4663 Mis
1128 4604 1193 4663 Nec
1210 4600 1295 4681 resen
1322 4601 1422 4687 unlus
1440 4596 1570 4684 monstras
1584 4597 1625 4675 lep.

216 4688 359 4749 mutandi
391 4687 447 4749 suit
474 4688 555 4751 causa
574 4710 585 4759 ·,
605 4710 673 4749 narn
699 4709 841 4769 receptam
871 4686 913 4749 lc-
949 4707 1017 4769 gas,
1032 4682 1233 4763 anmonJlruosr.
1252 4686 1342 4747 nm.

219 4768 357 4837 &ionem
376 4766 466 4835 servat
484 4771 573 4836 ctiam
594 4774 697 4831 Nonus
718 4770 749 4831 in
764 4776 924 4836 nunrsumr'
