4259 5592
496 430 785 522 LIBER
842 432 1296 547 QUARTUS.
1513 474 1597 555 437

209 626 321 717 tatis?
344 620 457 743 Qrid
477 618 623 707 Achille
648 621 869 709 Homerico
889 617 1072 705 surdius?
1087 618 1213 743 ‘Qud
1236 625 1536 737 Agamemnone
1563 626 1606 711 in

206 740 336 856 iurgio
350 740 417 830 ²²?
439 743 547 825 Nam
565 737 721 848 Ajacem
740 732 902 852 quidem
915 738 971 821 ira
983 732 1036 820 ad
1058 734 1232 822 furorem
1255 738 1504 855 mortemque
1515 770 1609 857 pet·

208 854 336 943 duxit
364 862 463 944 Non
483 855 602 966 igitur
614 851 800 937 defiderat
813 849 1009 938 fortitudo
1025 851 1262 938 advocatam
1275 854 1609 945 iracundiam&-

209 971 260 1057 tis
280 972 335 1057 est
352 968 558 1071 interum,
580 990 749 1072 armata,
773 988 904 1080 parata
929 994 1001 1081 per
1016 966 1101 1053 sese.
1129 971 1237 1053 Nam
1262 966 1338 1051 illo
1361 969 1492 1060 modo
1516 980 1611 1087 qui·

212 1085 305 1172 dem
329 1084 418 1171 licet
437 1081 595 1186 dicere,
630 1084 764 1170 utilem
788 1080 1040 1169 vinolentiam
1065 1081 1117 1169 ad
1143 1081 1440 1189 fortitudinem,
1477 1090 1611 1176 utilem

211 1200 329 1287 etiarn
360 1199 629 1303 dementiam,
660 1197 774 1313 quod
798 1197 838 1313 lit
863 1193 983 1283 inlaui
1008 1198 1048 1284 81
1071 1198 1168 1285 ebrii
1194 1196 1315 1285 multa
1342 1198 1490 1288 faciunt
1517 1202 1614 1317 saepe

212 1313 495 1405 vehementius
521 1318 684 1428 Semper
709 1308 807 1424 Ajart'
827 1311 962 1402 fortis:
984 1312 1205 1403 fortilirmus
1226 1336 1355 1401 tamen
1380 1321 1420 1401 iu
1441 1316 1599 1405 futore:

387 1431 497 1521 Nm
509 1423 667 1539 sarims
680 1427 777 1540 serit
797 1431 1040 1535 maximum,
1078 1428 1191 1537 crim,
1216 1430 1370 1517 Danais
1397 1431 1615 1517 inclinanti·
1637 1436 1639 1438 ’

446 1547 541 1650 bus,
596 1606 599 1611 -

388 1665 591 1753 Summam
612 1692 693 1745 rem
703 1660 855 1774 perfecit
867 1692 1032 1769 mam,
1049 1664 1224 1775 pralium
1247 1663 1403 1775 resdrur't
1415 1663 1611 1768 insaniens.

264 1783 464 1865 ‘Dicamus
486 1778 605 1891 igitur
624 1778 757 1864 utilem
791 1780 1003 1869 insaniam?
1029 1781 1171 1867 rnna
1202 1778 1473 1866 definitionem
1501 1780 1615 1868 forti-
1633 1792 1699 1919 ᾗ

217 1892 392 1983 tudinis:
415 1894 622 2008 indigeo,
652 1920 740 1979 earn
755 1894 960 1983 stomacho
988 1924 1072 1981 non
1092 1922 1218 2011 egere.
1248 1894 1456 1982 Fortitudo
1470 1898 1524 1981 est
1540 1898 1618 2012 igi·

219 2031 285 2095 tur
312 2010 480 2097 Affeeiio
504 2013 654 2115 animi,
672 2008 747 2137 legi
770 2010 927 2095 summae
950 2014 991 2097 in
1012 2008 1276 2125 perpetiendis
1298 2008 1413 2096 rebus
1458 2010 1619 2097 obtem-

217 2152 386 2237 perans3
410 2125 472 2213 vel
496 2123 752 2211 Conservatro
780 2124 921 2211 stabilis
939 2123 1071 2235 judicii
1093 2130 1135 2211 in
1158 2128 1212 2211 eis
1243 2124 1384 2229 rebus,
1415 2154 1502 2239 quae
1531 2126 1617 2215 for-

150 2318 156 2328 .
215 2237 416 2326 midolosae
436 2239 646 2344 videntur,
669 2236 878 2325 subeundis
900 2238 941 2323 δι
959 2238 1213 2353 repellendis,
1233 2238 1296 2325 vel
1309 2244 1475 2325 Scientia
1492 2267 1621 2328 rerum
1682 2320 1687 2331 .

215 2353 564 2442 formidolosarum
591 2360 954 2470 contrariarumque
991 2354 1308 2469 perferendarum
1347 2376 1415 2439 aut
1453 2362 1627 2446 omnino

217 2469 569 2613 negligentiarum,
594 2468 825 2557 conservans
840 2497 975 2556 earum
997 2494 1128 2555 rerum
1155 2467 1286 2554 stabile
1319 2468 1532 2579 judicium:
1559 2472 1621 2557 vel

220 2582 375 2671 brevius
390 2651 403 2690 ,
416 2608 460 2673 ut
471 2586 730 2700 Chrylippus.
758 2590 866 2673 Nam
875 2585 1088 2697 superiores
1102 2582 1352 2671 definitiones
1365 2608 1472 2670 erant
1486 2590 1625 2699 Sphae·

222 2704 277 2806 ri,
305 2704 477 2789 hominis
498 2700 540 2783 in
568 2699 704 2814 primis
728 2701 829 2785 bene
853 2697 1100 2805 definientis,
1124 2722 1168 2786 ut
1189 2718 1331 2814 putant
1359 2703 1505 2787 Stoici:
1541 2703 1631 2788 sunt

224 2819 330 2901 enim
350 2818 516 2906 omnino
540 2841 681 2901 omues
703 2813 783 2903 fere
814 2815 975 2901 smiles:
995 2813 1061 2899 sed
1083 2814 1278 2901 declarant
1296 2844 1530 2901 communes
1549 2848 1634 2905 noa

223 2929 377 3037 tiones,
400 2929 472 3018 alia
495 2928 620 3044 magis
643 2927 725 3016 alii„
767 2938 867 3051 Quo
887 2928 1017 3017 modo
1043 2930 1162 3046 igitur
1183 2930 1464 3045 Chrysippus?
1503 2936 1629 3020 Forti-

227 3044 333 3133 tudo
349 3047 428 3152 eli,
447 3049 576 3160 inquit
586 3108 600 3150 ‚
621 3044 773 3134 scientia
794 3044 1108 3161 perferendarum
1123 3074 1273 3149 rernm,
1293 3046 1354 3131 vel
1371 3046 1528 3132 affeeiio
1542 3052 1633 3133 ani.

225 3161 284 3247 mi
307 3168 350 3248 in
370 3160 560 3275 patiendo
583 3188 631 3245 ac
655 3160 915 3275 perferendo,
941 3166 1102 3249 summte
1134 3160 1208 3273 legi
1232 3188 1372 3274 parens
1403 3160 1482 3245 ime
1507 3165 1629 3251 rimo.-

225 3303 280 3363 re.
310 3282 503 3401 Quamvis
516 3278 550 3318 ²³
565 3277 653 3363 lioet
678 3278 906 3363 infeliemur
918 3278 1034 3381 ilios,
1054 3302 1098 3363 ut
1118 3272 1344 3363 Carneades
1364 3272 1631 3381 solebat,me·

227 3414 303 3477 tuo
322 3419 373 3475 oe
392 3392 458 3477 soli
480 3389 704 3506 philosophi
723 3391 807 3478 sint.
837 3400 937 3517 Qae
956 3392 1063 3477 enim
1082 3392 1238 3477 iliarum
1258 3388 1533 3477 definitionum
1547 3422 1634 3481 uon

227 3510 350 3619 aperit
377 3511 586 3594 notionem
608 3504 799 3614 nostram,
824 3536 944 3621 quam
969 3506 1160 3593 habemus
1180 3533 1323 3593 omnes
1346 3506 1399 3593 cle
1429 3505 1632 3595 fortitudi-

228 3648 309 3726 ne,
333 3625 479 3709 tedium
510 3647 630 3734 atque
654 3624 895 3716 involutam?
922 3624 1016 3748 Qud
1050 3618 1209 3735 aperti,
1292 3626 1323 3707 is
1355 3623 1435 3727 est,
1462 3623 1533 3735 qui
1561 3645 1632 3718 aut

230 3734 431 3844 bellaton,
454 3763 522 3825 aut
541 3742 766 3849 imperatori
781 3804 796 3844 ,
812 3761 880 3825 aut
896 3736 1044 3825 oratori
1070 3760 1213 3851 querat
1262 3736 1542 3853 iquid,neque
1556 3766 1630 3826 eos
1739 3832 1744 3839 ,

999 3859 1015 3940 l
1042 3857 1056 3938 i
1085 3858 1102 3938 i
1160 3884 1183 3961 3
1502 3856 1633 3941 exilii-

250 4041 1633 4071 matt—m

276 4119 324 4157 aa.
345 4103 378 4156 Jrr
390 4101 502 4174 jurgio]
524 4098 603 4161 Iliad.
616 4098 666 4159 uu.
677 4102 701 4161 1.
731 4102 790 4163 ser
799 4104 910 4180 doAja-
946 4121 1002 4180 que
1018 4098 1189 4179 particulam
1205 4094 1551 4175 ejusdentpoteliatiselie
1568 4118 1632 4163 cre*

231 4200 275 4250 ue,
285 4200 323 4239 ex
337 4179 429 4257 aliqua
439 4180 540 4239 ranna
554 4181 690 4261 rragoedia
706 4186 852 4258 adducitis,
867 4186 912 4245 lo-
948 4184 1090 4255 dis‚erras
1101 4198 1177 4241 'cum
1195 4178 1256 4240 aliis
1271 4177 1438 4257 quibusdam
1449 4180 1514 4241 viris
1530 4183 1631 4256 dueliss,

232 4282 284 4322 cus
303 4261 334 4322 id
362 4260 484 4321 innuit.-
513 4261 551 4321 fic
572 4264 768 4326 iuuoduelum
795 4270 911 4345 Ajacem
949 4263 1033 4327 limis.
1052 4268 1189 4345 Quamvis
1215 4260 1295 4321 enim
1317 4259 1364 4319 hic
1394 4262 1468 4321 valet
1487 4284 1630 4342 qrrnnrum·

232 4343 330 4413 fine,
343 4362 375 4403 ut
393 4341 532 4402 urlanieur
549 4364 618 4405 curu
641 4346 768 4409 hostibus
792 4366 913 4409 manum
948 4355 1012 4419 vis,
1025 4366 1086 4407 non
1096 4362 1258 4426 quanquam.
1299 4344 1402 4420 inque
1418 4344 1513 4404 nullus
1530 4345 1575 4403 hle
1589 4346 1634 4408 ete

234 4425 398 4495 malaeus,
416 4424 483 4485 illos
497 4424 531 4484 ia
552 4425 653 4508 tagam
668 4448 799 4491 venereo
824 4433 914 4506 Quod
948 4426 1181 4509 prensomniant
1193 4421 1381 4503 pleonasmus.
1398 4425 1541 4487 Caennm
1552 4427 1633 4491 huno

236 4508 270 4567 dt
284 4506 462 4567 Philostratus
474 4506 506 4565 iu
519 4511 603 4586 Aiace
626 4509 780 4591 significare
793 4512 912 4583 videtur,
948 4510 1108 4575 leviculum
1123 4528 1248 4569 errorem
1273 4503 1386 4567 abundd
1405 4527 1474 4567 mox
1491 4527 1630 4589 compen-

235 4590 369 4649 iurans
385 4588 498 4670 tragicis
513 4586 622 4651 fanum
637 4592 698 4652 ello
718 4594 883 4653 Cantent.
949 4594 988 4655 lis
1005 4595 1073 4654 loco
1090 4588 1143 4650 illu
1163 4588 1286 4650 feficirer
1299 4587 1450 4661 restituto,
1465 4590 1635 4653 Cr'nrromm'ie'

280 4694 295 4729 2
300 4692 327 4748 3.
347 4676 484 4751 Qumois
500 4672 557 4731 lim
569 4674 723 4752 infestentur
734 4676 813 4753 illos]
835 4680 915 4736 Bene
944 4676 1000 4756 fure
1012 4680 1042 4735 in
1060 4670 1189 4733 murinis
1201 4672 1440 4739 venanracnmlor
1448 4671 1518 4751 Jolos
1536 4693 1637 4737 morn-
1702 4744 1706 4753 1

236 4756 353 4831 midam
362 4794 371 4822 ‚
391 4754 467 4831 quod
484 4752 640 4814 romonem
655 4756 729 4816 hanc
745 4764 871 4839 qumvis
884 4760 914 4817 Ii·
949 4757 993 4820 sos
1016 4760 1221 4818 nominaverunt
1240 4774 1251 4817 r
1271 4770 1333 4828 quae
1344 4750 1460 4835 egregia
1477 4753 1516 4813 nst
1533 4776 1635 4816 eruen-

236 4855 297 4908 σα,
314 4834 344 4895 iu
364 4836 622 4917 texmnreoepiffi.
651 4838 914 4903 Seddumutnm·
951 4826 1647 4919 datio‚&piaulitomuiunrexeipienua.fleuru.
1701 4836 1704 4841 ’
