4259 5592
590 317 1160 494 ¹noconius
1542 420 1590 502 ῃ

202 571 377 658 mundus
402 570 453 660 ita
476 568 522 653 srt
546 597 617 683 par
642 569 746 656 alteri
770 565 944 670 mundo,
959 589 1003 653 ut
1025 568 1124 652 inter
1138 593 1208 654 eos
1220 595 1270 654 ne
1282 571 1490 660 minimum
1502 572 1594 682 qui-

207 689 301 772 dem
322 686 463 770 interfit
475 748 490 788 ,
511 684 749 780 concedatur
774 683 870 786 tibi,
892 705 937 766 ut
957 686 999 766 in
1023 683 1105 768 hoc
1128 711 1294 798 quoque
1318 691 1450 774 nostro
1476 717 1595 771 mun-

208 800 267 884 do
290 798 437 912 aliquid
462 797 575 884 alicui
596 800 647 882 src
671 796 819 910 parsit,
838 818 882 881 ut
905 794 999 879 nihil
1018 794 1197 901 differat,
1219 799 1312 883 nihil
1327 803 1477 886 intersit
1506 807 1592 888 Cur

208 919 340 1019 enim,
365 916 546 1024 inquies,
570 907 661 997 clun
688 939 736 994 ex
759 907 828 995 illis
852 908 1088 1014 individuis,
1111 908 1219 995 unde
1238 919 1372 998 omnia
1385 915 1593 1001 Democri-

209 1051 273 1112 tus
297 1031 408 1142 gigni
429 1028 609 1129 affirmat,
638 1027 679 1110 in
704 1024 858 1136 reliquis
881 1023 1062 1128 mundis,
1087 1025 1125 1110 &
1147 1029 1190 1108 in
1214 1025 1274 1109 his
1297 1027 1461 1139 quidem
1476 1035 1593 1114 innu-

209 1135 482 1244 merabilibus,
509 1136 804 1225 innumerabiles
823 1139 1033 1263 QLutatii
1055 1137 1187 1224 Catuli
1203 1170 1287 1226 non
1303 1143 1430 1228 modo
1456 1145 1596 1254 poffint

208 1259 284 1342 effe
296 1319 309 1360 ,
333 1251 396 1341 sed
418 1259 533 1340 etiam
549 1255 642 1360 sint,
663 1258 706 1342 in
727 1257 808 1340 hoc
820 1277 931 1340 tanto
945 1251 1099 1338 mundo
1123 1254 1287 1340 Catulus
1299 1255 1391 1342 alter
1405 1287 1488 1341 non
1502 1258 1596 1370 pos-

213 1373 261 1456 srt
282 1367 408 1458 effici?
683 1453 688 1472 ,

212 1497 215 1504 “
265 1478 439 1570 Primum
469 1484 631 1599 quidem
659 1513 723 1570 me
746 1483 796 1570 ad
818 1487 1093 1596 Democritum
1111 1513 1255 1590 vocas,
1282 1490 1347 1573 cui
1374 1515 1457 1572 non
1473 1488 1596 1572 affen-
1613 1527 1671 1545 ·-

210 1570 1667 1712 uwfflmmmfflmmmmmmmffl

210 1708 458 1826 politioribus
481 1715 672 1828 phyficis,
693 1713 926 1827 lingularum
950 1741 1079 1797 return
1095 1714 1257 1824 singulas
1272 1721 1527 1828 proprietates
1542 1718 1599 1801 es·
1664 1759 1683 1792 ο

211 1829 261 1912 se.
290 1832 361 1911 Fac
385 1832 490 1911 enim
515 1827 698 1941 antiquos
720 1829 802 1913 illos
822 1827 1024 1930 Servilios,
1044 1831 1114 1938 qui
1131 1828 1277 1938 gemini
1303 1831 1459 1916 fuerunt
1471 1894 1485 1933 ,
1519 1854 1597 1915 tam

210 1939 345 2025 similes
369 1945 489 2053 quim
512 1941 717 2029 dicuntur:
743 1971 838 2024 num
861 1941 988 2026 censes
1011 1946 1126 2024 ctiam
1145 1940 1303 2026 cosdem
1329 1943 1467 2034 suiss'e?
1499 1950 1599 2031 Non
1716 2020 1721 2027 .

211 2051 552 2169 cognoscebantur
568 2055 688 2159 soris,
708 2079 745 2141 at
769 2054 903 2140 domi:
931 2084 1014 2139 non
1047 2054 1098 2137 ab
1125 2052 1279 2158 alienis,
1300 2077 1339 2140 at
1367 2057 1497 2141 asuis.
1537 2064 1598 2141 An

210 2201 300 2256 non
324 2167 533 2272 videmus,
559 2171 640 2254 hoc
660 2170 730 2253 usu
751 2168 909 2270 venite,
938 2191 982 2251 ut
1008 2196 1111 2278 quos
1137 2195 1219 2248 nun
1249 2197 1342 2254 uam
1362 2170 1598 2281 putalsemus

170 2350 174 2361 .
211 2281 374 2370 anobis
395 2281 597 2368 internosci
613 2285 748 2396 posse,
771 2309 866 2384 eos,
893 2278 1173 2366 consuetudine
1191 2198 1387 2386 adhibita,
1410 2307 1488 2367 tam
1503 2282 1599 2368 saci-
1705 2346 1708 2350 -

209 2398 247 2484 le
270 2397 631 2500 internosceremus,
656 2401 709 2480 uti
731 2423 779 2479 ne
801 2391 1005 2480 minimum
1032 2391 1195 2507 quidem
1223 2395 1359 2482 smiles
1381 2397 1459 2481 else
1484 2395 1598 2483 vide-

215 2522 375 2601 rentur?
978 2601 982 2610 ,
1246 2589 1250 2594 ,

272 2630 347 2708 Hic
367 2651 518 2739 pugnes
541 2626 649 2729 licet,
674 2653 758 2709 non
789 2619 1048 2738 repugnabo:
1077 2625 1174 2735 quin
1199 2626 1314 2710 etiam
1352 2623 1600 2731 concedam,

213 2739 320 2824 illum
346 2739 469 2848 ipsum
495 2741 728 2852 sapientem,
758 2735 916 2851 dequo
940 2740 1069 2822 omnis
1095 2736 1158 2820 hic
1189 2738 1311 2824 sermo
1332 2737 1411 2838 est,
1444 2734 1537 2822 clun
1566 2743 1601 2822 ei

213 2881 276 2936 res
302 2851 434 2934 similes
460 2877 691 2954 occurrant,
712 2880 808 2964 quas
836 2881 917 2936 non
942 2849 1080 2948 habeat
1110 2848 1310 2938 denotatas
1322 2913 1336 2953 ,
1365 2872 1603 2938 retenturum

215 2966 425 3063 alstrrsum3
451 2993 725 3079 necunquam
750 2965 815 3049 ulli
835 2966 914 3050 viso
929 2963 1186 3066 assensurum,
1208 2968 1276 3051 nisr
1292 2962 1404 3080 quod
1429 2965 1502 3049 tale
1516 2966 1603 3050 sue·
1711 3051 1717 3060 ,

215 3080 289 3182 rit,
311 3079 424 3192 quale
441 3080 570 3164 falsum
592 3082 763 3186 essenon
783 3080 906 3189 poffit.
934 3078 1009 3184 Sed
1030 3077 1080 3163 ad
1094 3102 1248 3164 caeteras
1268 3107 1325 3163 res
1342 3077 1458 3164 habet
1475 3109 1603 3192 quan-

214 3193 308 3278 dam
329 3215 477 3296 artem,
498 3197 576 3305 quai
600 3223 690 3279 vera
707 3197 730 3277 a
745 3194 839 3276 salsis
859 3193 971 3304 possit
991 3191 1244 3303 distinguere:
1267 3191 1305 3276 &
1326 3190 1376 3276 ad
1391 3193 1605 3282 ssmilitudi·

215 3335 289 3391 nes
315 3307 399 3390 istas
420 3309 507 3392 usus
522 3305 770 3393 adhibendus
785 3306 849 3388 cst.
879 3309 931 3390 Ut
943 3329 1063 3390 mater
1077 3311 1258 3417 geminos
1270 3306 1490 3390 internoscit
1504 3336 1605 3392 con-

214 3419 419 3506 suetudine
441 3421 671 3507 oculorum:
699 3422 749 3504 stc
773 3441 816 3503 tu
839 3419 1140 3521 internosces,sr
1166 3420 1381 3503 assueveris.
1412 3419 1605 3523 Videsne,

213 3557 263 3619 ut
286 3533 327 3614 in
340 3531 559 3646 proverbio
586 3536 629 3618 srt
651 3561 823 3620 ovorum
849 3535 945 3630 inter
969 3533 1004 3615 se
1030 3531 1266 3625 similitudo?
1286 3554 1413 3617 tamen
1438 3535 1517 3621 hoc
1539 3563 1606 3618 ao-

216 3651 423 3758 cepimus,
447 3647 535 3731 Deli
555 3649 664 3734 fuisse
692 3647 910 3758 complures
933 3647 953 3756 (
964 3645 1068 3729 salvis
1094 3647 1208 3730 rebus
1235 3644 1336 3753 illis)
1360 3652 1429 3759 qui
1453 3649 1606 3760 gallinas

214 3763 317 3846 alere
340 3760 548 3875 permultas
574 3763 740 3874 quastus
760 3757 874 3846 causa
900 3758 1082 3850 solerent:
1111 3759 1153 3844 hi
1178 3754 1269 3844 cum
1293 3788 1417 3845 ovum
1431 3761 1608 3874 inspexe-

219 3895 327 3976 rant,
347 3903 436 3988 quae
462 3875 500 3958 id
526 3875 661 3986 gallina
687 3875 913 3989 peperisset,
943 3873 1072 3958 dicere
1097 3871 1273 3960 solebant.
1318 3879 1462 3986 Neque
1491 3873 1609 3957 idest

214 4009 484 4074 contrarios:
509 3989 738 4074 namnobis
762 3988 844 4071 satis
867 3989 921 4070 est
945 4015 1022 4074 ova
1058 3986 1118 4071 illa
1149 3997 1166 4033 *
1194 3988 1458 4070 inremoscere
1500 3985 1611 4072 Nihil

195 4101 515 4217 ·enim⁵*magis
537 4102 701 4188 assentiri
724 4103 850 4216 potest
878 4103 957 4186 hoc
985 4099 1080 4186 illud
1102 4102 1200 4206 else,
1226 4106 1347 4215 quim
1380 4100 1409 4181 sr
1431 4103 1527 4182 inter
1552 4099 1611 4187 illa

979 4219 1010 4298 E
1051 4245 1073 4298 2
1479 4218 1610 4299 oroni-

212 4356 1607 4395 ww

207 4399 385 4468 affirmare,
404 4399 509 4459 tantiam
526 4420 578 4477 pro
602 4403 679 4483 potgsl
706 4401 803 4480 legam
816 4418 904 4482 potest
934 4399 1005 4468 illa,
1021 4401 1111 4459 Habeo
1133 4400 1203 4458 enim
1223 4399 1359 4474 regulam,
1379 4396 1515 4478 postulat,
1534 4413 1566 4456 ut
1580 4395 1613 4454 in

206 4483 259 4543 &
275 4477 452 4560 distinguam
463 4479 512 4550 lic,
527 4483 600 4541 Nihil
616 4489 685 4542 enim
702 4487 785 4562 magis
797 4479 907 4562 affineiri
938 4480 1029 4558 priore
1048 4498 1124 4557 parte
1141 4479 1248 4556 legaorr
1259 4493 1337 4558 potes.
1364 4476 1551 4538 Academicus
1569 4474 1613 4537 in·

199 4579 312 4649 poro,
327 4563 373 4620 hac
398 4561 466 4620 illud
481 4559 539 4641 effe,
567 4559 647 4644 quim
663 4561 692 4641 st
707 4567 774 4622 inter
790 4564 837 4623 illa
853 4583 908 4621 om·
938 4560 1047 4621 ducimr
1069 4559 1118 4635 qui
1142 4557 1267 4619 Lucullo
1292 4557 1350 4618 lraec
1373 4559 1505 4628 dicenti,
1533 4559 1615 4620 Nobis

206 4645 292 4706 nino
312 4643 376 4701 nihil
397 4641 523 4724 interesset
544 4646 558 4704 ἓ
578 4643 667 4702 Habeo
686 4648 754 4702 enim
779 4643 835 4704 &o
845 4641 909 4720 quia
932 4640 1044 4720 saruest
1065 4662 1119 4699 ooo
1139 4640 1185 4699 illa
1206 4640 1396 4719 internoscere,
1419 4639 1520 4701 reserat
1541 4638 1617 4702 ΝΜ

211 4720 320 4787 sentio
338 4720 544 4806 dialogismum
560 4725 632 4808 else,
655 4721 685 4782 in
702 4744 759 4806 quo
772 4722 908 4806 responsio
939 4727 1026 4802 enim:
1048 4721 1123 4803 quali
1137 4719 1316 4804 responderet
1328 4723 1400 4806 N‘lll
1414 4721 1465 4800 est,
1481 4738 1529 4803 aut
1544 4715 1618 4858 nigri
