4259 5592
498 459 1257 553 ”rutfflauaattrnua
1522 502 1601 582 ns

200 648 327 765 ipsum
340 646 524 737 odiosum
538 648 716 753 est,'sme·
729 646 834 735 sensu
853 646 953 739 else..
968 644 1195 753 Odiosum,
1219 647 1249 732 sr
1272 646 1315 734 id
1338 648 1431 736 ell'et
1451 678 1593 743 catere.

199 763 311 854 Cltm
334 771 430 853 vero
460 764 711 881 perspicuum
727 766 796 869 stt,
816 764 906 849 nihil
930 766 1041 877 polse
1068 770 1111 852 in
1139 795 1192 856 eo
1218 764 1295 850 else
1302 826 1316 869 ,
1333 769 1403 877 qui
1415 769 1494 879 ipse
1511 797 1597 857 non

199 882 271 969 srt:
299 880 396 997 quid
415 884 543 997 potest
563 882 639 967 effe
660 882 713 967 in·
726 906 782 965 eo·
803 878 1012 986 odiosum,
1033 880 1106 996 qui
1132 908 1207 971 nec
1233 900 1386 983 careat,
1409 908 1487 969 net
1506 883 1594 974 son·

197 1003 301 1089 tiat?
326 1005 568 1125 Qanquam
582 1002 660 1083 hoc
678 992 840 1111 quidem
858 1000 979 1085 nimis¹
993 996 1101 1110 saepe.
1129 993 1209 1085 Sed
1229 1022 1281 1083 eo
1291 1058 1306 1099 ,
1328 996 1442 1109 quod
1458 997 1501 1084 in
1514 1003 1627 1090 hoc·-

194 1112 304 1196 inest¹
321 1113 592 1199 omnisanimi
615 1116 859 1218 contnuo,
882 1140 932 1199 ox
955 1138 1064 1201 metu
1088 1117 1239 1201 morti&
1277 1116 1361 1229 Qi
1383 1115 1490 1206 enim
1516 1114 1601 1203 sans
1650 1159 1678 1170 ‘-

194 1222 361 1331 viderit,
382 1227 424 1313 id
451 1227 564 1342 quod
589 1232 641 1312 est
665 1229 752 1317 luce
777 1228 940 1334 clarius,-
968 1232 1168 1317 animo&
1205 1251 1377 1339 corpote
1410 1229 1596 1317 consum-
1625 1273 1627 1276 ·

194 1363 293 1454 pto,
321 1348 491 1457 totoque
514 1348 707 1432 animante
726 1342 857 1432 deleto
870 1346 943 1450 „dt
964 1343 1071 1433 fatto
1098 1344 1257 1431 interitu
1275 1343 1482 1446 universo,
1501 1346 1597 1433 illud

194 1456 361 1563 animal,
383 1456 499 1573 quod
528 1459 638 1547 fuerit
654 1460 833 1567 ,saelum
856 1460 933 1547 else
957 1458 1077 1560 ninil3
1097 1463 1129 1544 is
1148 1458 1273 1573 plani:
1285 1453 1513 1570 perspiciet,
1529 1466 1596 1547 in.

193 1591 254 1655 ter
279 1577 678 1686 Hippocentaurum,
710 1582 780 1693 qui
804 1602 1011 1693 nunquam
1037 1576 1177 1679 fuerit,
1204 1573 1245 1661 ὃ(
1269 1598 1403 1685 regem
1422 1581 1596 1687 Agame«

196 1714 403 1795 mnonem,
414 1690 508 1775 nihil
518 1694 692 1777 interesse
705 1724 716 1777 r
730 1692 941 1805 neepluris
953 1703 1061 1777 nunc
1073 1692 1198 1777 faeere
1217 1692 1272 1775 M.
1289 1687 1501 1774 Camillum
1514 1695 1596 1780 hoc

199 1801 313 1889 civile
335 1802 499 1911 bellum,
523 1810 644 1921 quiam
667 1834 747 1921 ego
768 1806 839 1892 illo
858 1810 956 1891 vivo
974 1806 1132 1892 fecerim
1151 1812 1320 1893 Romam
1339 1828 1522 1916 neptam·
1582 1834 1586 1841 ·
1616 1831 1618 1834 ·

258 1924 344 2005 Cur
371 1920 485 2036 igitur
501 1922 542 2009 dt
556 1921 743 2007 Camillus
763 1920 976 2026 doleret,sr
997 1924 1081 2009 hac
1094 1926 1184 2036 post
1206 1941 1400 2005 trecentos
1422 1920 1462 2001 8(
1474 1922 1596 2033 quin·

196 2038 385 2149 quaginta
409 2036 488 2121 sere
512 2065 636 2122 annos
660 2062 845 2123 eventura
872 2060 1049 2150 putaret,
1074 2039 1113 2123 lle
1145 2064 1227 2152 ego
1245 2060 1317 2119 cur
1340 2032 1496 2119 doleam
1526 2098 1540 2139 ,
1572 2038 1602 2121 si

197 2147 252 2233 ad
272 2148 411 2235 decem
433 2148 548 2237 millia
569 2178 769 2241 annorum
785 2176 943 2267 gentem
965 2154 1135 2267 aliquam
1160 2146 1300 2237 urbem
1323 2148 1497 2235 nostram
1516 2178 1598 2262 po·

197 2267 355 2349 tituram
373 2278 534 2376 putem?
562 2272 669 2392 Qua
698 2290 801 2353 tanta
826 2264 960 2353 caritas
981 2270 1110 2382 patria
1135 2266 1218 2373 est,
1234 2289 1279 2351 ut
1298 2292 1385 2349 eam
1412 2293 1497 2349 non
1511 2266 1597 2356 sen-

199 2377 245 2464 su
269 2380 431 2485 nostro,
456 2378 521 2465 sed
546 2381 662 2467 salute
684 2380 802 2495 ipsius
822 2387 1035 2468 metiamur.
1154 2420 1161 2431 κ
1305 2446 1314 2453 -
1463 2428 1467 2433 ·

256 2496 390 2607 ltaque
420 2523 504 2581 non
533 2492 698 2581 deterret
724 2498 931 2609 sapientem
959 2524 1090 2600 mors,
1117 2524 1205 2609 qua
1235 2513 1397 2607 propter
1423 2497 1593 2587 inoettos
1611 2494 1696 2635 'g'

199 2608 306 2693 casus
329 2608 510 2723 quotidie
530 2610 726 2717 imminet,
749 2634 911 2725 propter
927 2610 1156 2697 brevitatem
1169 2613 1255 2695 vitre
1281 2634 1488 2721 nunquam
1503 2582 1630 2695 lona3
1685 2618 1688 2622 ’

198 2724 250 2833 ge
274 2724 403 2833 potest
422 2724 573 2829 abesse,
598 2726 831 2840 quominus
858 2728 901 2810 in
925 2732 1045 2811 omne
1068 2749 1222 2837 tempus
1254 2719 1474 2834 reipublice
1505 2723 1595 2807 suis·

197 2864 278 2947 que
300 2838 497 2943 consulat,
517 2840 556 2925 81
573 2840 833 2953 posteritatem
847 2840 987 2952 ipsam,
1007 2840 1116 2951 cujus
1129 2838 1277 2923 sensum
1294 2832 1493 2923 habiturus
1505 2867 1591 2923 noo

194 2950 264 3053 srt,
284 2952 335 3037 ad
357 2954 391 3036 se
419 2976 530 3067 putet
547 2954 747 3069 pertinere.
778 2961 913 3152 Qlate
944 2955 1032 3043 litet
1055 2958 1173 3039 etiam
1187 2952 1390 3039 mortalem
1412 2952 1489 3035 else
1506 2956 1593 3037 ani·

197 3094 308 3150 mum
330 3066 589 3179 judicantem,
608 3095 749 3154 aeterna
777 3098 846 3155 mo
859 3073 903 3153 iti
915 3132 928 3172 ,
953 3100 1036 3157 non
1057 3069 1191 3185 gloriae
1213 3065 1450 3179 cupiditate,
1470 3094 1594 3181 quam

196 3182 369 3266 sensurus
391 3212 474 3268 non
493 3186 537 3269 srt
556 3248 570 3289 ,
588 3183 654 3268 sed
676 3187 854 3289 uirtutis,
880 3214 1003 3298 quam
1024 3183 1234 3270 necessario
1257 3182 1411 3297 gloria,
1430 3183 1596 3267 etiamst
1713 3228 1719 3253 2

195 3319 242 3379 tu
271 3296 312 3380 id
338 3326 419 3381 non
446 3328 562 3411 agas,
578 3301 845 3413 consequatur.
873 3305 1023 3387 Natura
1043 3299 1204 3384 verosrc
1225 3298 1422 3400 sehabet,
1445 3320 1489 3383 ut
1502 3326 1593 3410 quo

197 3409 329 3525 inodo
350 3414 503 3497 initium
535 3412 650 3500 nobis
668 3442 799 3499 ¹rertun
825 3418 1006 3499 omnium
1035 3438 1145 3500 ottus
1176 3413 1306 3498 noster
1333 3413 1503 3514 afferat,
1538 3412 1594 3497 ste
1654 3446 1658 3452 ’

195 3526 348 3610 exitum
370 3554 489 3613 mors.
519 3532 570 3614 Ut
593 3528 686 3613 nihi
710 3532 891 3641 pertinuit
921 3530 972 3615 ad
996 3558 1071 3614 nos
1098 3552 1188 3611 ante
1215 3550 1372 3631 ortum,
1403 3526 1464 3611 'stc
1493 3525 1592 3611 nihil

196 3639 469 3751 postmortem
488 3640 702 3757 pertinebit.
734 3650 775 3729 ln
795 3672 880 3757 quo
904 3643 1002 3757 quid
1015 3644 1144 3757 potest
1154 3642 1230 3727 elie
1241 3640 1356 3747 mali,
1376 3646 1469 3726 crim
1481 3668 1593 3725 mors

198 3780 276 3839 nec
300 3753 352 3841 ad
378 3756 492 3845 vivos
519 3764 732 3869 pertineat,
753 3786 824 3841 nec
842 3755 894 3843 ad
915 3769 1121 3846 mortuos?
1150 3755 1268 3845 Alteri
1288 3757 1382 3844 nulli
1408 3756 1518 3859 suot,
1533 3754 1595 3844 al·

196 3878 304 3954 teros
330 3896 413 3957 non
436 3877 599 3987 attingit.
1582 3908 1587 3925 ·

259 3990 393 4182 (quam
417 3986 489 4101 qui
510 3984 695 4073 leviorem
717 3986 896 4091 faciunt,
923 3985 1046 4073 somni
1071 3986 1294 4072 simillimam
1329 3982 1467 4071 volunt
1500 3984 1591 4069 else.
1690 4075 1692 4079 ,

196 4104 293 4219 Qu
310 4132 321 4182 ι
346 4099 658 4219 veroquisquam
679 4102 731 4188 ita
747 4102 958 4218 nonaginta
976 4132 1103 4189 annos
1124 4101 1212 4186 velit
1227 4104 1384 4200 vivere,
1407 4120 1476 4199 ur,
1494 4105 1592 4197 eum

196 4214 393 4327 sexaginta
415 4211 651 4324 confecerit,
676 4219 739 4303 reli
771 4246 845 4303 uos
868 4218 1049 4323 dormiat
1078 4212 1149 4303 Ne
1174 4217 1257 4299 sues
1273 4212 1440 4328 quidem
1461 4212 1503 4297 id
1518 4240 1593 4299 ve-

193 4325 279 4412 lint.
308 4328 534 4447 Endymion
555 4337 674 4438 vero,
701 4248 895 4419 lilabulas
921 4332 1059 4419 audire
1078 4329 1284 4437 volumus,
1315 4328 1446 4415 nescio
1462 4358 1595 4441 quan-

193 4438 258 4527 do
277 4440 320 4527 in
342 4450 482 4535 Latmo
503 4445 769 4553 obdormivit,
789 4454 861 4561 qui
884 4450 940 4535 eli
958 4477 1075 4534 mons
1101 4450 1236 4532 Catia.
1264 4444 1483 4556 Nondum,
1499 4446 1595 4556 opi-

192 4586 302 4662 nor,
328 4560 382 4644 est
404 4564 661 4677 expertedtru.
689 4570 801 4653 Num
821 4562 939 4677 igitur
961 4591 1054 4653 eum
1073 4588 1209 4659 muare
1223 4561 1386 4667 censes,
1404 4555 1498 4645 cirm
1509 4562 1595 4643 Lu-

189 4700 248 4757 na
267 4670 481 4782 laborent
505 4706 584 4793 qua
609 4679 836 4792 consopitus
860 4702 1046 4792 putatur,
1069 4699 1230 4765 ur-eum
1256 4674 1518 4763 donnientem
1538 4704 1593 4757 o-·

190 4785 428 4899 sedaretur?
442 4792 553 4919 Qud
577 4816 688 4881 curet
715 4810 881 4903 autem,
911 4800 981 4911 qui
1016 4795 1203 4888 nese'ntit
1221 4791 1384 4908 quidem
1397 4788 1594 4991 isollabes

261 4968 262 4973 a
1454 4928 1598 4989 rumam
