4259 5592
537 437 618 518 -72
882 382 944 479 n.
1000 380 1055 476 τ.
1112 363 1657 473 cronnours

621 577 762 708 Qid,
783 576 879 662 edm
899 573 979 690 ipse
997 570 1216 658 Antiochus
1238 563 1408 657 diffentit
1435 563 1670 686 quibusdam
1694 569 1737 658 in
1760 563 1879 658 rebus
1904 572 1950 660 ab

562 703 631 802 iis,
655 721 759 809 quos
784 710 910 795 amat,
932 691 1096 776 Stoicis?
1118 711 1253 772 nonne
1263 685 1411 772 indicat
1421 715 1511 777 ,non
1529 688 1563 730 ²⁵
1580 688 1693 801 polle
1708 684 1767 772 illa
1779 683 1951 797 proban·

556 812 614 899 'da
636 811 712 894 esst
732 803 925 918 rapienti?
951 803 1078 888 Placet
1106 799 1247 906 Stoicis
1259 862 1274 905 ,
1295 794 1431 888 omia
1452 825 1612 930 peccata
1640 800 1717 886 ell'e
1748 799 1867 914 paria
1904 813 1953 893 At

559 929 645 1012 hoc
657 919 858 1012 Antiocho
875 914 1201 1004 vehemmtiffime
1213 915 1397 1030 displicet
1421 922 1554 1005 bicen
1574 915 1954 1006 mrdernmihioon-

562 1038 753 1148 siderare,
771 1056 897 1120 utram
921 1033 1145 1118 sententiam
1169 1031 1314 1146 hquar.
1342 1032 1540 1139 Pracide,
1561 1032 1712 1149 inquit:
1732 1031 1855 1118 statue
1884 1034 1953 1120 ali·

561 1150 729 1268 quando
756 1144 956 1262 quidlibet.
985 1146 1134 1274 Qrid?
1150 1175 1238 1261 qua
1257 1145 1445 1234 dicuntur
1468 1147 1657 1262 quidem,
1682 1148 1724 1233 8(
1746 1171 1861 1234 acuta
1879 1153 1954 1236 mi·

559 1269 606 1351 hi
625 1263 807 1352 vidmtur
830 1266 871 1348 in
894 1287 1102 1377 utramque-
1122 1284 1298 1376 pacem,
1321 1264 1362 1349 br
1383 1261 1517 1378 pariat
1547 1285 1682 1351 nonne
1704 1291 1890 1370 caveam,
1905 1291 1954 1350 ne

563 1379 682 1467 scelus
707 1377 870 1470 faciam?
899 1377 1028 1482 Scelus
1051 1381 1156 1462 enim
1179 1374 1336 1486 dicebas
1355 1379 1458 1492 elle,
1485 1377 1670 1483 Luculle,
1688 1376 1840 1493 dogma
1858 1409 1955 1494 pro·

564 1494 669 1582 dere.
692 1495 900 1579 Contineo
933 1491 1051 1606 igitur
1076 1517 1162 1596 me,
1185 1519 1236 1577 ne
1263 1493 1471 1608 incognito
1492 1493 1694 1581 assentiar:
1720 1493 1838 1606 quod
1855 1496 1954 1581 mihi

564 1623 708 1698 tecum'
724 1611 777 1692 est
802 1606 951 1719 dogma
974 1633 1198 1693 commune
1790 1611 1795 1617 ’

625 1728 727 1808 Ecce
746 1721 871 1810 mrdtb
883 1723 1006 1836 major
1029 1726 1144 1808 etiam
1169 1721 1361 1809 dillenfio.
1389 1727 1503 1809 Zeno
1527 1724 1569 1809 in
1589 1751 1670 1810 una
1693 1726 1835 1808 virtute
1846 1723 1956 1836 poli-

564 1862 647 1924 tarn
663 1834 814 1923 beatam
829 1841 948 1923 vitam
969 1857 1092 1954 putat.
1163 1838 1234 1923 uid
1256 1839 1500 1928 Antiochus?
1519 1838 1667 1941 Etiam,
1690 1836 1840 1952 inquit:
1861 1834 1957 1921 bea-

559 1975 671 2059 tam,
696 1950 761 2036 led
784 1981 868 2037 non
886 1949 1141 2038 beatiffinram.
1247 1981 1293 2037 us
1319 1951 1404 2056 ille,
1430 1950 1500 2064 qui
1530 1952 1627 2038 nihil¹
1645 1951 1796 2040 oensuit
1825 1951 1956 2036 deess'e

564 2066 728 2153 virtuti:
757 2067 976 2152 homuncio
999 2068 1089 2170 hic,
1112 2069 1183 2177 qui
1202 2065 1321 2152 multa
1339 2087 1451 2178 putat
1468 2089 1603 2179 prater
1626 2072 1809 2154 virtutem
1821 2065 1958 2152 homi·

561 2179 606 2264 ni
627 2179 767 2294 partim
789 2207 875 2264 cara
899 2181 1000 2285 elle,
1024 2178 1164 2292 partim
1186 2180 1301 2267 etiam
1324 2175 1537 2267 necellaria
1565 2180 1642 2266 Sed
1665 2180 1725 2263 ille
1750 2208 1888 2268 vereor
1901 2207 1955 2265 ne

563 2298 696 2380 virtuti
717 2292 803 2408 plus
822 2293 965 2380 tn‘buat
994 2298 1114 2408 quiam
1138 2317 1271 2378 natura
1285 2300 1475 2408 patiatur,
1498 2297 1699 2408 prasertim
1719 2298 1959 2408 Theophra-

563 2407 673 2515 {19²⁶
696 2405 815 2492 multa
841 2414 858 2452 *
882 2407 1016 2492 diserte
1034 2407 1278 2522 copiose‘que
1290 2407 1463 2494 dicente.
1492 2413 1539 2494 Et
1562 2406 1629 2494 hic'
1639 2411 1801 2514 metuo,
1821 2437 1872 2494 ne
1886 2408 1959 2494 vix

563 2519 637 2605 fibi
664 2519 838 2608 constet:
861 2522 932 2637 qui
958 2517 1048 2607 clun
1074 2520 1178 2609 dicat
1198 2524 1274 2608 esse
1294 2523 1474 2636 quadam
1502 2525 1541 2608 ὃ(
1568 2524 1745 2638 corporis
1772 2525 1813 2609 &
1826 2524 1961 2610 fortu-

562 2663 623 2721 na
648 2632 746 2720 mala
756 2696 772 2739 ,
792 2656 922 2721 tamen
943 2662 1061 2740 erun,
1083 2640 1153 2749 qui
1173 2641 1215 2721 in
1227 2638 1286 2722 his
1300 2640 1486 2725 omnibus
1499 2640 1542 2724 lrt
1556 2702 1569 2744 ,
1584 2635 1741 2724 beatum
1760 2638 1846 2724 fore
1857 2666 1960 2724 cen-

565 2749 646 2855 set,
676 2751 703 2834 fi
724 2747 870 2862 sapiens
895 2751 950 2836 lit.
987 2751 1215 2838 Distrahor:
1241 2773 1327 2837 tum
1351 2755 1432 2839 hoc
1456 2753 1552 2838 mihi
1576 2749 1841 2865 probabilius,
1869 2777 1965 2840 tum
2114 2804 2116 2849 2

563 2861 660 2950 illud
680 2860 858 2950 videtur:
877 2867 916 2952 &
936 2887 1092 2971 tamen,
1113 2864 1183 2951 nih
1198 2864 1421 2953 alterutrum
1441 2868 1507 2973 fit,
1531 2872 1713 2980 virtutem
1732 2869 1853 2977 jacere
1869 2868 1967 2981 pla-
2114 2878 2115 2897 ³

567 2980 619 3064 nb
668 2999 753 3062 ute.
2114 2996 2115 3005 ‘

623 3007 768 3178 linum
788 3095 830 3176 in
854 3093 913 3179 his
933 3087 1157 3208 discrepant.
1192 3090 1304 3212 Qid
1327 3093 1445 3186 illud?
1465 3094 1509 3181 in
1531 3095 1675 3212 quibus
1694 3095 1968 3201 consentiunt,

565 3213 663 3290 'num
686 3235 763 3319 pro
777 3205 877 3292 veris
897 3207 1065 3318 probate
1087 3210 1315 3323 possumus?
1342 3214 1529 3322 Sapientis
1554 3211 1729 3298 animun
1752 3239 1973 3326 nunquam

565 3347 641 3405 nec
664 3320 876 3436 cupiditate
902 3323 1074 3426 moveri,
1100 3350 1173 3406 nec
1194 3319 1317 3409 lanitii
1335 3325 1470 3411 efferri.

497 3467 555 3484 ····
624 3439 732 3548 Age,
754 3439 838 3521 haec
865 3432 1080 3549 probabilia
1099 3437 1186 3523 sani
1207 3437 1301 3524 srnt:
1326 3439 1561 3526 numeriam
1578 3441 1658 3534 illa?
1682 3467 1890 3554 nunquam
1914 3443 1976 3526 ti-

497 3539 695 3654 44mere,
711 3579 916 3663 nunquam
933 3549 1075 3635 dolere.
1103 3553 1306 3665 Sapiensne
1333 3583 1416 3640 non
1440 3559 1597 3646 timeat?
1616 3557 1755 3661 nec‚sr
1777 3553 1909 3667 patria
1926 3555 1972 3602 ²⁷
2114 3600 2115 3603 κ

566 3662 758 3767 deleatur,
781 3692 864 3749 non
879 3664 1035 3759 doleat?
1057 3671 1151 3753 Satis
1170 3664 1334 3754 durum:
1348 3665 1412 3752 sed
1426 3669 1582 3757 Zenoni
1599 3671 1862 3772 necessarium,
1875 3673 1979 3774 cui,

556 3803 701 3892 ‚prater
718 3780 947 3883 honestum,
970 3779 1063 3865 nihil
1088 3781 1202 3865 estin
1227 3780 1365 3868 bonis:
1393 3783 1463 3868 tibi
1485 3788 1605 3889 verb,
1629 3785 1848 3886 Antioche,
1881 3783 1980 3867 mi-

500 3950 503 3960 ·
566 3897 702 4002 nimi,
724 3895 814 4000 cui,
833 3920 968 4007 prater
990 3896 1251 3998 honestatem,
1284 3897 1404 3982 multa
1429 3895 1719 4010 bona;·prater
1740 3899 1984 4007 turpitudi-

566 4041 686 4120 nem,
712 4010 831 4098 multa
854 4009 951 4094 mala
967 4007 1175 4113 videntur,
1189 4037 1275 4121 quae
1296 4013 1538 4098 &venientia
1554 4034 1700 4098 metuat
1716 4006 1863 4120 hpiens
1894 4041 1990 4097 ne-

569 4130 668 4215 ceffe
690 4129 768 4230 est,
787 4127 826 4211 8(
844 4123 986 4208 venisse
1006 4122 1146 4208 doleat.
1174 4124 1250 4209 Sed
1268 4155 1432 4238 quaro,
1457 4126 1620 4239 quando
1641 4126 1709 4212 ista
1739 4123 1888 4210 fuerint
1924 4125 1988 4212 ab

569 4243 777 4331 Academia
798 4263 926 4325 vetere
960 4233 1147 4340 decreta,
1175 4261 1219 4324 ut
1243 4245 1416 4326 animum
1440 4243 1613 4356 sapientis
1640 4243 1894 4326 commoveri
1937 4245 1993 4331 δι

1788 4373 1991 4441 concur..

612 4559 660 4612 ις.
681 4545 741 4601 Non
760 4533 823 4620 poffe
840 4536 884 4598 illa
894 4533 1030 4618 probanda
1052 4529 1115 4614 effe]
1138 4531 1242 4592 Manu·
1282 4529 1399 4592 Finibus
1413 4551 1445 4595 v.
1453 4547 1479 4604 5.

569 4620 622 4682 tint
634 4621 720 4701 legit,
735 4617 883 4698 probabilia.
904 4615 1059 4677 Lambinus
1077 4615 1153 4676 delet
1166 4611 1240 4698 polle·
1321 4613 1343 4660 'l‘
1363 4611 1469 4676 Lamb.
1489 4613 1572 4692 multa
1588 4631 1679 4673 ronna
1693 4611 1782 4692 drsene*

570 4702 695 4767 Davisius
706 4695 882 4760 Lambinum
892 4694 1018 4770 sequitur.
1323 4714 1369 4764 27.
1391 4699 1447 4756 Nec
1460 4695 1490 4774 fi
1500 4698 1587 4779 patria
1610 4693 1742 4762 deleam,
1762 4713 1815 4752 non
1842 4692 2001 4782 doleat]

612 4797 659 4850 26.
678 4778 864 4862 theophrasto]
884 4773 959 4842 Vide
971 4771 1054 4848 Tusce
1071 4791 1102 4852 tt·
1113 4793 1143 4852 90.
1161 4759 1249 4854 &de'
1278 4770 1538 4866 ‚Gemmatum
1553 4778 1697 4858 decenum
1707 4772 1764 4854 est,
1778 4775 1847 4840 duas
1863 4796 2003 4919 tmegn-

1899 4879 2006 4928 011oe
