4259 5592
17 4166 18 4203 t
135 4166 232 4219 mut,
250 4170 293 4212 vra
311 4170 321 4210 t
340 4156 480 4230 quinique
509 4152 586 4231 prior
612 4154 675 4214 iniit
700 4154 741 4214 vir
771 4154 820 4213 ille
854 4150 964 4213 Graeciae
982 4150 1102 4226 dixerit,
1120 4154 1196 4231 quod
1215 4149 1444 4230 isprofimmrse
1463 4150 1536 4211 nihil
1661 4159 1665 4166 '

473 422 1190 523 ntuentarmue
1474 442 1540 551 ψ

138 608 657 731 derne'rsam3'opirrionibus
671 610 716 705 'lit
739 616 916 703 institutis
939 618 1073 705 omnia
1094 611 1244 713 teheri3
1266 610 1365 705 nihil
1388 606 1534 711 teiln:

137 741 165 825 ti
185 736 353 851 relinqui
374 762 391 836 ς
419 733 606 847 deinceps
631 730 764 819 omnia
786 731 955 819 tenebris
978 728 1206 821 cireunlitla
1234 732 1311 815 elle
1332 733 1531 828 dixerunt.

137 856 270 969 ltaque
297 846 478 936 Arcesilas
502 846 669 963 negabat
691 848 768 931 elle
795 844 1041 962 quidquam,
1063 842 1179 957 quod
1205 844 1288 931 sciri
1307 853 1458 963 pollet,
1476 880 1530 954 ne

139 964 231 1050 illud
254 962 420 1080 quidem
442 962 595 1075 ipsum,
617 959 731 1075 quod
760 966 935 1049 Socrates
957 962 1027 1049 sibi
1047 957 1261 1159 reliquisset.
1301 967 1365 1050 Sic
1396 968 1528 1053 omnia

139 1079 250 1167 latete
269 1096 286 1135 ²
303 1073 505 1165 censebant
527 1080 567 1161 in
593 1075 779 1163 occulto:
802 1103 932 1191 neque
949 1078 1026 1162 effe
1047 1078 1134 1205 qui·
1147 1102 1287 1187 quarn,
1311 1078 1427 1190 quod
1441 1108 1528 1165 cer-

141 1194 178 1277 ni
208 1217 277 1280 aut
301 1191 460 1305 intelligi
482 1192 627 1305 poffitt
655 1188 800 1306 quibus
826 1190 877 1278 de
903 1194 1023 1279 causrs
1054 1189 1150 1275 nihd
1173 1207 1360 1301 oportere
1394 1219 1527 1309 neque

140 1305 334 1421 profiteri,
354 1332 485 1421 neque
509 1306 697 1391 affirmare
716 1333 836 1422 quem
864 1334 984 1413 uam,
1009 1330 1140 1415 neque
1158 1304 1360 1390 allertione
1375 1334 1525 1419 appro-

141 1422 253 1508 bate:
276 1418 541 1534 cohibereque
565 1420 736 1534 semper,
761 1422 800 1507 &
826 1336 1003 1507 ribomni
1024 1417 1129 1531 lapsu
1152 1423 1351 1518 continere
1371 1426 1526 1507 temeri-

143 1556 282 1621 tatem:
307 1566 394 1649 quae
412 1557 497 1620 tum
511 1534 603 1621 esset
630 1534 812 1648 inlignis,
832 1532 925 1621 ciant
944 1559 1011 1622 aut
1034 1530 1141 1636 falb,
1166 1558 1233 1621 aut
1251 1536 1453 1649 incognita
1463 1562 1524 1619 res

143 1649 443 1762 approbaretur:
464 1676 594 1760 neque
612 1650 692 1734 hoc
712 1647 931 1765 quidquam
952 1651 1029 1736 elle
1041 1647 1217 1759 turpius,
1240 1655 1361 1760 quim
1381 1654 1525 1760 cogni-

143 1766 236 1849 tioni
260 1764 301 1848 de
322 1762 567 1877 perceptioni
594 1762 838 1849 assertionem
859 1760 1263 1881 approbationemque
1283 1762 1524 1877 praecurrere.

193 1876 301 1963 Huic
323 1876 463 1965 rationi
488 1875 701 1990 quoderat
723 1879 1049 1981 consentaneum,
1080 1871 1281 1979 faciebat,
1306 1900 1352 1963 ut
1385 1900 1522 1964 contra

145 1991 321 2077 omnium
341 1992 540 2079 sententias
560 1990 643 2075 dies
670 1993 742 2103 ianr
766 1992 1003 2107 plerosqueb
1024 1991 1258 2078 deduceret:
1279 1994 1352 2095 ut,
1372 1988 1467 2077 ciun
1483 1997 1527 2081 iu

144 2106 275 2190 eadem
299 2134 340 2191 re
363 2110 468 2219 paria
495 2109 693 2195 contrariis
717 2109 758 2190 in
784 2104 957 2219 partibus
979 2127 1178 2193 momenta
1197 2107 1391 2190 redonum
1414 2106 1527 2191 inve·
1643 2108 1647 2116 '

143 2225 336 2324 nitentur,
367 2218 513 2306 facilibs
537 2216 586 2305 ab
611 2243 776 2331 utraque
805 2244 913 2335 parte
943 2222 1096 2306 allectio
1124 2218 1373 2312 stdbnerentt.
1412 2223 1529 2305 Hanc-

143 2332 389 2421 Academiant
415 2362 562 2421 novam
583 2334 797 2447 appellant:
826 2362 913 2448 quae
934 2332 1031 2421 mihi
1049 2332 1160 2421 vetus
1176 2332 1353 2419 videtur:
1375 2334 1403 2417 n
1431 2338 1533 2445 qui-.

143 2446 229 2533 dem
252 2447 453 2535 Platonem
475 2474 526 2532 ex
549 2447 609 2533 illa
636 2470 764 2534 vetere
789 2474 1046 2547 numeramus.
1079 2446 1213 2551 ‘Cuius
1232 2442 1399 2531 inlibris
1428 2446 1526 2533 nihil

143 2562 371 2665 affinnatur,
390 2564 430 2647 &
453 2562 495 2646 in
520 2582 895 2677 utramquepartem
912 2562 1035 2653 multa
1057 2558 1379 2666 differuntur,de
1392 2566 1527 2649 omni·

144 2674 213 2759 bus
243 2680 449 2789 quaeritur,
471 2677 565 2761 nihil
584 2680 677 2761 certi
702 2674 855 2767 dicitau.
890 2676 968 2765 Sed
985 2700 1115 2763 tamen
1136 2673 1225 2779 illa,
1255 2703 1377 2789 quam
1398 2703 1449 2761 ex
1477 2708 1530 2765 o·

144 2790 225 2892 sui,
246 2814 388 2889 vetus3
418 2793 503 2875 haec
526 2819 631 2877 nova
654 2794 906 2885 nominetur:
927 2820 1014 2905 qua
1049 2792 1174 2903 usque
1198 2786 1249 2873 ad
1283 2795 1435 2877 Caroea
1463 2818 1529 2877 em

142 2902 352 3013 perducta,
380 2909 450 3018 qui
471 2927 629 3019 quartus
656 2901 706 3006 ‚ab
730 2904 892 2993 Arcesila
918 2904 1016 3007 fuit,
1038 2905 1081 2991 in
1104 2901 1244 2988 erdem
1269 2906 1455 2991 Arcesrlae·
1468 2931 1530 2993 ra-

144 3019 250 3101 tione
276 3017 490 3131 permansit.
531 3017 752 3107 Carneades
780 3042 911 3105 autem
943 3018 1083 3106 ntrllius
1114 3016 1370 3130 philosophiae
1411 3025 1529 3133 partis

143 3132 324 3239 ignarus,
345 3134 413 3236 de,
437 3154 483 3218 ut
503 3135 679 3246 cognovi
695 3158 745 3219 ex
769 3136 842 3237 iis,
862 3136 938 3245 'qui
958 3130 1064 3219 illum
1091 3130 1315 3237 audierant,
1339 3134 1550 3221 maxime-¹

143 3272 223 3357 que
246 3274 295 3331 ex
320 3252 513 3360 Epicureo
535 3251 723 3353 Zenone,
754 3252 822 3362 qui
850 3244 944 3331 ciam
965 3244 1015 3333 ab
1042 3276 1093 3335 co
1118 3242 1327 3359 plurimirtn
1354 3247 1530 3335 dill'enti·

143 3382 222 3461 ret,
244 3388 369 3453 unum
390 3384 519 3446 tamen
564 3383 669 3446 taret
691 3382 849 3448 ceteros
865 3362 1095 3466 mirabatur,
1119 3358 1334 3449 incredibili
1354 3362 1531 3478 quadam

141 3468 476 3571 luitfacultate-***
570 3476 955 3592 liquadestdemntur.
1025 3545 1028 3551 ,
1180 3538 1224 3620 N
1253 3562 1276 3619 2
1451 3503 1532 3617 DE

757 3678 761 3690 l

140 3742 189 3803 iuri
208 3765 326 3805 murus
344 3752 479 3805 sverm.
509 3748 575 3807 llaec
593 3748 678 3829 origo
701 3749 816 3819 mendi,
851 3749 913 3829 gnis
923 3747 1006 3810 luerit
1020 3750 1056 3807 A.
1075 3750 1106 3810 P.
1119 3750 1145 3808 J.
1157 3761 1246 3819 4270.
1265 3748 1334 3808 ciem
1349 3750 1476 3811 Socrates
1486 3749 1528 3808 irr-

138 3826 359 3903 quodbominet
377 3828 476 3888 doelos
488 3824 586 3890 habuit
595 3828 740 3891 exercitos.
750 3832 817 3892 Ma·
851 3850 891 3891 ter
910 3830 989 3891 vivos
1008 3829 1061 3889 effe
1083 3828 1199 3906 ooeperit
1223 3827 1345 3890 e'usdem
1362 3828 1475 3891 Periodi
1492 3832 1529 3889 A.

138 3924 219 3967 retus
236 3908 350 3985 quidem
370 3912 436 3970 Var.
449 3906 580 3971 Lettrx.
596 3932 640 3985 ¹4·
653 3909 765 3985 reponit
773 3915 818 3971 ad-
852 3929 940 3985 4245.
961 3910 1014 3970 liic
1037 3908 1079 3971 est
1100 3909 1220 3970 aocurati
1278 3908 1476 3991 'chronologi
1493 3910 1530 3967 D.

137 3988 269 4048 duxrrnu
283 3995 427 4061 murum,
445 3988 519 4047 velut
534 3998 589 4061 lam
608 4010 669 4052 ante
684 4000 817 4052 Sorrurm
853 3990 956 4051 Petavii
977 3990 1110 4052 wudu&
1136 3992 1230 4071 Rogat
1251 4008 1347 4050 autem
1367 3992 1463 4050 Petrus
1478 3991 1532 4049 Fa·

135 4068 202 4128 Sed
218 4068 398 4163 commodior
417 4069 529 4131 ridetur
545 4093 596 4143 aa,
614 4092 700 4151 quam
726 4072 821 4133 infisti-
854 4075 921 4143 ber,
940 4091 990 4133 eur
1010 4072 1119 4151 Apollo
1146 4073 1291 4133 Socratem
1311 4068 1536 4148 fipientillimutu

17 4270 18 4279 2
132 4230 248 4291 doetus
259 4249 309 4293 xv.
335 4249 378 4293 16.
397 4232 485 4295 Addit
502 4253 599 4295 autem
619 4234 749 4297 Muretus
768 4240 820 4294 De·
856 4232 922 4297 scire
940 4254 949 4293 :
970 4232 1106 4311 liquidem
1137 4248 1242 4294 veteres
1257 4232 1336 4293 idern
1357 4248 1437 4293 antea
1459 4232 1536 4295 dores

17 4789 22 4860 l

134 4316 306 4409 mipene,
321 4319 527 4395 Anaxagoram,
549 4318 724 4399 Enpedoclem
742 4319 822 4385 anti,
857 4333 925 4377 rann
946 4316 1010 4377 lloc
1023 4314 1162 4409 nimirum
1181 4312 1337 4406 constanter
1353 4312 1463 4375 dicebat
1482 4314 1536 4375 So

132 4408 168 4453 „
189 4408 334 4491 ec
353 4395 824 4537 ouo
858 4393 1536 4557 mamm

131 4472 585 4621 mffigucoluntaxat
599 4578 675 4621 auno
692 4524 772 4621 natira
786 4558 826 4621 est
855 4558 963 4643 pldsqroe
973 4556 1143 4639 prqirraamr
1155 4556 1187 4636 Ji
1199 4556 1267 4637 seire
1324 4556 1333 4573 ¹
1360 4474 1538 4652 ,mii

130 4655 202 4699 ante
220 4636 389 4711 δοῦναι,
405 4638 489 4718 eique
504 4638 560 4700 suit
576 4638 723 4737 fiipetsteu
750 4644 827 4733 Anq-
861 4642 993 4703 dehcad.
1005 4639 1082 4699 lar.
1097 4638 1131 4699 dt
1146 4640 1267 4701 Sexum
1309 4658 1462 4717 mpureum
1473 4638 1539 4719 1²21<

127 4731 379 4878 ,effi
388 4718 830 4881 brabantini}
862 4718 1311 4882 rhofkfflgqappoenao-
1331 4723 1488 4783 ”mm
1520 4802 1532 4835 v·

19 4883 27 4939 ²·
131 4880 407 4967 uenerem
517 4882 828 4973 ,Aequumne
908 4882 1184 4971 tumuere
