4259 5592
695 1348 697 1351 ,
952 1224 1513 1349 DEFINIBUS
1873 1312 1876 1317 .

429 1641 432 1646 Ι
542 1464 1085 1585 BONORUM
1142 1462 1268 1581 ET
1311 1462 1920 1623 ·MALORUM‚

795 1728 1668 1854 LissERsEcUNDU&

879 2094 1566 2225 ARGUMENTUM

596 2292 667 2377 Hie
678 2294 771 2375 liber
780 2295 821 2375 in
832 2291 1036 2403 refiotanda
1053 2290 1235 2407 Torquati
1254 2292 1498 2403 disputatione
1514 2316 1629 2406 atque
1645 2289 1817 2393 universa
1831 2291 1921 2400 Epi·

538 2412 618 2491 turi
640 2408 780 2489 ratione
802 2408 1036 2511 consumitur.
1078 2407 1237 2491 Initium
1243 2404 1345 2513 facit
1371 2408 1421 2489 ab
1446 2408 1514 2517 ipso
1533 2405 1938 2519 voluminaduo.

538 2525 572 2604 lo
590 2585 603 2627 ,
622 2522 724 2635 quod
740 2536 857 2635 negat
880 2522 972 2606 aelli
996 2523 1045 2604 ab
1070 2520 1223 2635 Epicuro
1240 2521 1410 2635 definiri,
1433 2516 1549 2635 quiei
1571 2556 1641 2605 non
1664 2520 1766 2613 modi
1785 2549 1864 2635 pue
1880 2522 1922 2601 in

539 2638 728 2745 motaſse,
751 2638 811 2719 hoe
832 2639 1098 2751 estcorpoream
1113 2700 1127 2741 ,
1139 2637 1213 2737 sed
1232 2637 1377 2739 etiam,
1396 2666 1474 2751 qua
1495 2637 1537 2718 in
1545 2638 1757 2749 stabilitate
1766 2640 1822 2747 stt
1833 2636 1923 2739 ‚boo

538 2747 833 2864 eslvaeuitotem
854 2754 883 2834 ei
903 2754 1042 2856 dolore,
1052 2751 1134 2861 five
1153 2751 1396 2836 indolentiam.
1410 2752 1620 2853 sufficiat:
1651 2780 1728 2864 quo
1754 2778 1812 2831 res
1835 2750 1922 2831 tum

525 2866 607 2975 sint
625 2872 775 2949 naturd
788 2869 958 2973 diverfit,
987 2900 1060 2949 uno
1080 2869 1251 2949 vocabulo
1273 2890 1458 2981 nequeant
1481 2865 1727 2978 comprehendi
1746 2929 1759 2969 ,
1784 2866 1924 2947 adver-

526 2984 642 3081 sante
665 2982 705 3063 in
726 2982 859 3091 primis
878 2985 1015 3097 lingna
1044 2984 1165 3068 Grata
1191 2981 1407 3095 Latineque
1429 2983 1596 3087 ratione,
1616 3010 1782 3096 quarum
1804 3010 1922 3094 neque

537 3094 608 3177 illa
627 3092 766 3200 tlon,
783 3127 900 3211 neque
920 3099 987 3179 hee
1009 3097 1255 3211 voluptatem
1278 3099 1434 3207 appellet
1456 3096 1716 3200 indolentiam,
1727 3094 1812 3175 uim
1823 3095 1923 3182 Hie-

537 3240 737 3323 nonpmus,
757 3214 824 3324 qui
833 3218 1034 3317 summunt
1058 3214 1193 3295 bonum
1215 3213 1261 3293 in'
1277 3212 1477 3294 indolentia
1490 3234 1628 3325 ponat,
1642 3206 1825 3323 manfisti
1844 3208 1936 3313 dpl-

531 3336 646 3435 putet
667 3348 791 3408 contra
815 3330 1065 3441 Aristippum,
1099 3327 1166 3442 qui
1187 3328 1374 3437 voluptati
1383 3329 1530 3429 soemmi
1551 3326 1634 3410 boni
1653 3328 1734 3415 vim
1746 3323 1917 3408 tribuat:

538 3468 622 3553 cap.
645 3469 754 3524 1-10.
792 3445 865 3527 Ad
883 3445 1081 3526 evertenda
1103 3443 1231 3524 deinde
1249 3442 1357 3555 ipſsus
1375 3441 1553 3552 opinionis
1576 3442 1752 3553 Epicurea
1766 3433 1941 3546 fiendſs

538 3578 667 3637 menta
685 3558 843 3662 accedit,
865 3559 911 3650 ὁ*
931 3556 1102 3669 ostendit,
1123 3587 1239 3671 neque
1258 3558 1307 3637 ab
1328 3558 1586 3639 animantium
1597 3580 1681 3639 ome
1696 3555 1788 3638 nelli
1806 3555 1921 3665 repeti

538 3670 868 3783 originemsummi
886 3672 990 3777 boni,
1003 3704 1064 3757 nee
1076 3697 1289 3786 propterea,
1305 3671 1406 3789 quid
1420 3694 1597 3783 appetant
1614 3674 1845 3783 voluptatem
1858 3669 1923 3751 in-

526 3780 688 3893 famet,
706 3788 942 3899 aspernentur
963 3790 1145 3892 dolorem,
1167 3789 1397 3898 voluptatem
1415 3816 1481 3901 pro
1493 3792 1642 3891 summo
1665 3788 1752 3869 bono
1776 3786 1922 3871 baben-

536 3899 654 4002 dam,
675 3901 761 3985 nien
773 3934 843 3986 non
861 3928 946 3986 tam
970 3905 1026 3985 ad
1043 3907 1276 4015 voluptatem
1294 3905 1537 4017 appetendam
1553 3899 1821 3985 moveantnrei
1842 3931 1922 3981 na-

536 4036 630 4097 tura
646 4014 834 4126 affantes,
853 4021 973 4134 quim
984 4020 1146 4131 ntseipst
1158 4019 1345 4131 diligant,
1358 4021 1404 4112 ei*
1420 4021 1582 4136 integros
1585 4024 1629 4121 se
1636 4019 1834 4130 salvosque
1851 4046 1922 4098 ve.

528 4130 637 4223 lint;
655 4137 771 4248 neque
790 4135 818 4215 ei
825 4135 1008 4244 fossius,
1022 4165 1181 4249 quorum
1187 4134 1328 4235 judicii
1345 4165 1416 4217 non
1424 4140 1480 4250 fit
1500 4138 1546 4217 de
1570 4134 1655 4217 bono
1678 4134 1725 4224 ἀ
1739 4131 1923 4231 malojn-

537 4244 658 4327 dicore
669 4310 681 4350 ,
690 4249 765 4349 sed
784 4250 829 4331 de
850 4252 1047 4356 coloribus,
1056 4252 1172 4355 sonis,
1183 4251 1326 4363 figuris
1337 4314 1351 4354 ‚
1362 4277 1489 4356 motu,
1504 4249 1744 4350 intervallis,
1765 4247 1812 4338 ἀ
1823 4249 1924 4328 reli.

535 4362 621 4475 quis
642 4364 851 4468 loea'usmoeli
858 4368 981 4471 sensui
993 4365 1168 4470 sulp'etiis
1188 4366 1322 4450 rebus:
1341 4394 1425 4479 cap.
1448 4396 1585 4451 10-12.
1616 4366 1738 4449 Unam
1751 4391 1836 4476 ergo
1851 4394 1923 4444 ra-

537 4477 671 4559 tionem
692 4479 917 4564 audiendam
939 4482 1030 4590 esst,
1050 4513 1129 4599 quo
1151 4484 1299 4586 doceat,
1319 4481 1417 4563 nihil
1434 4484 1496 4589 effle
1519 4481 1708 4594 voluptati
1730 4479 1824 4582 tui,
1846 4510 1924 4561 non

537 4589 640 4672 modi
661 4617 709 4674 ut
717 4598 801 4695 sola
819 4594 860 4675 in
868 4598 1016 4697 summi
1038 4599 1121 4680 boni
1130 4600 1220 4700 sede
1229 4620 1398 4709 ponatur
1409 4661 1422 4701 ,
1430 4596 1506 4702 sed
1520 4597 1646 4680 ne-illo
1666 4596 1816 4713 quidem
1836 4626 1924 4677 mo-

413 4762 422 4789 e
536 4706 605 4825 do?
624 4708 748 4803 atad
765 4708 979 4823 honestatem
1001 4712 1205 4837 applicetur
1225 4744 1243 4807 ς
1265 4716 1488 4825 nullquue
1511 4713 1575 4825 effe
1600 4714 1808 4824 desummo
1829 4710 1925 4793 bono

773 4868 776 4875 ·
1170 4910 1177 4919 ,
1372 4845 1376 4855 “
1758 4832 1925 4939 stuten-
