4259 5592
505 444 793 538 ornan
848 444 1298 561 Quantus.
1522 486 1608 567 43,

212 640 621 879 iffaiffissffl
639 630 1611 867 ffinssffisulihhthihlth

212 862 459 979 egritudines
480 886 643 981 propter
662 861 759 950 alios
777 859 992 951 debemus:
1018 862 1084 951 sed
1108 864 1231 969 alios,
1251 864 1280 951 fi
1301 866 1533 979 possumus,
1551 787 1581 955 l

209 1004 302 1063 vare
321 976 559 1095 egritudine
587 976 818 1067 Obtreetare
836 982 932 1066 verb
954 978 1081 1084 alteri,
1107 1000 1176 1065 aut
1198 978 1260 1067 illa
1283 982 1420 1068 vitiosa
1450 981 1609 1074 amula.

209 1095 344 1199 tione,
367 1122 456 1209 quae
476 1094 648 1182 rivalitati
667 1093 794 1179 similis
813 1094 868 1179 est
879 1160 894 1201 ,
917 1094 1116 1199 aemulari,
1142 1093 1242 1209 quid
1268 1092 1384 1183 habet
1406 1097 1608 1207 utilitatis,

208 1210 304 1293 etim
322 1211 369 1296 stt
392 1208 629 1315 aemulantis,
646 1209 739 1324 angi
757 1208 885 1297 alieno
906 1207 1040 1317 bono,
1072 1206 1186 1324 quod
1218 1210 1298 1323 ipse
1330 1242 1415 1298 non
1438 1212 1608 1305 habeat:

208 1322 461 1413 obneuanus
487 1348 642 1432 autern,
665 1330 757 1443 angi
775 1324 904 1413 alieno
928 1326 1068 1434 bono,
1092 1322 1205 1440 qubd
1219 1322 1263 1411 id
1289 1327 1407 1415 etiam
1426 1329 1523 1417 aliut
1534 1332 1609 1417 ha-

208 1434 322 1531 beat?
351 1441 454 1565 Quis
472 1440 515 1528 id
540 1441 761 1557 approbare
785 1442 924 1557 possit,
943 1440 1214 1558 egritudinem
1236 1438 1424 1557 suscipere
1436 1473 1514 1559 pro
1535 1471 1609 1533 ex-
1725 1470 1728 1479 ’

206 1559 417 1668 ρειῐεηῐία,
445 1557 592 1675 siquid
612 1555 754 1644 habere
774 1557 893 1651 velis?
923 1586 1017 1645 nam
1035 1557 1161 1646 solum
1182 1554 1325 1647 habere
1354 1558 1476 1666 velle,
1504 1562 1609 1647 sum-

207 1698 274 1757 ma
293 1670 489 1759 dementia
508 1674 574 1761 est.

265 1786 553 1875 Mediocritates
575 1812 709 1875 autem
732 1786 925 1876 malonun
964 1793 1027 1878 uis
1049 1787 1205 1877 laudare
1227 1789 1330 1877 reue
1344 1790 1483 1905 poffitr
1503 1788 1607 1915 Qtis

206 1900 313 1986 enim
334 1904 490 2018 potest,
515 1908 557 1991 in
577 1934 663 2019 quo
692 1902 818 1994 libido
837 1911 932 2020 cupi
963 1906 1079 1992 'tisre
1102 1903 1171 2009 srt,
1206 1932 1291 1991 non
1308 1903 1536 1993 libidinosus
1566 1908 1606 2001 ,δι

203 2016 375 2132 cupidus
394 2020 507 2106 ess‘e?
527 2025 568 2109 in
587 2049 674 2134 quo
697 2025 776 2127 ira,
803 2050 888 2108 non
911 2020 1161 2108 iracundus?
1180 2018 1222 2105 in
1245 2048 1332 2133 quo
1356 2048 1504 2133 angor,
1518 2050 1604 2108 non

203 2132 377 2230 anxius?
395 2140 439 2221 in
463 2163 550 2249 quo
572 2138 717 2239 timor,
740 2164 824 2221 non
851 2133 1045 2229 timidus?
1081 2132 1351 2221 Libidinosum
1377 2132 1523 2265 igitur,
1563 2137 1604 2225 &

201 2246 425 2362 cupidum,
449 2249 490 2335 dr
515 2248 771 2356 iracundum,
795 2249 836 2334 δι
850 2255 1038 2357 anxium,
1056 2249 1097 2336 8(
1117 2246 1300 2336 timidum
1312 2254 1509 2335 censemus
1523 2250 1602 2336 esse

199 2358 411 2473 sapientem
421 2367 446 2449 ‚2
466 2360 519 2449 de
536 2366 646 2480 cujus
665 2362 886 2452 excellentia
906 2366 1027 2453 multa
1045 2360 1210 2481 quidem
1235 2360 1315 2451 dici
1342 2364 1521 2479 quamvis
1537 2364 1604 2451 fu·

199 2478 244 2562 si
265 2477 317 2563 lat
368 2506 422 2566 ue
441 2480 605 2594 poffiut,
629 2479 695 2567 sed
724 2476 938 2568 breviffime
971 2480 1037 2568 illo
1065 2477 1221 2583 modo,
1247 2481 1482 2593 Sapientiam
1522 2480 1602 2566 else

200 2616 331 2677 retum
375 2593 566 2679 ‘v'marum
579 2594 620 2679 δι
637 2598 896 2681 humanarum
909 2595 1102 2681 scientiam
1114 2655 1128 2699 ,
1142 2595 1497 2709 cognitionquue
1511 2620 1603 2706 quae

200 2706 385 2823 cujusque
401 2711 454 2794 rei
473 2709 586 2795 causi
604 2710 658 2795 srt
687 2714 747 2795 Ex
766 2737 852 2823 quo
873 2709 1069 2816 efficitur,
1090 2732 1136 2797 ut
1154 2708 1288 2795 divina
1310 2712 1503 2815 imitetur,
1523 2712 1603 2797 hu-

198 2848 316 2908 mana
336 2827 471 2909 omnia
487 2822 671 2912 inseriota
689 2827 832 2911 virtute
851 2822 982 2913 ducat.
1010 2831 1054 2913 ln
1072 2826 1174 2911 hanc
1192 2846 1238 2911 tu
1258 2822 1397 2937 igitur,
1409 2848 1600 2939 tanquam

197 2938 241 3021 in
257 2964 388 3043 utare,
409 2939 524 3055 quod
544 2938 600 3024 est
621 2938 746 3025 ventis
765 2932 998 3050 subjethm,
1019 2940 1354 3056 perturbationem
1372 2939 1512 3027 cadere
1529 2936 1600 3029 tibi
1673 3020 1680 3041 ,

196 3049 326 3139 dixisti
342 3050 493 3148 viderit
515 3051 709 3177 Qidest,
721 3052 836 3169 quod
850 3074 997 3143 tantam
1015 3059 1241 3173 gravitatem
1261 3054 1601 3172 constantiamque

136 3221 142 3232 ·
196 3166 437 3279 perturbet?
457 3176 521 3257 An
537 3167 794 3284 inprovisum
815 3169 990 3286 diquid,
1012 3194 1081 3258 aut
1099 3175 1368 3285 repentinum?
1386 3170 1498 3298 Qid
1518 3202 1599 3285 po·

195 3281 268 3366 teli
285 3280 462 3370 accidere
479 3284 553 3371 tale
575 3287 639 3389 ei,
660 3288 726 3371 cui
746 3285 839 3373 nihil
862 3282 1031 3373 subitum
1054 3286 1245 3401 estquod
1267 3284 1419 3374 homini
1442 3292 1599 3373 evenire

103 3400 108 3406 ’
193 3398 336 3511 possit?
360 3404 466 3486 Nam
544 3400 603 3489 od
623 3403 863 3488 aiuntnimia
876 3402 1033 3488 relioen
1054 3424 1265 3513 oportere,
1282 3398 1464 3487 naturalia
1483 3402 1599 3488 relin-

195 3515 292 3627 qui:
309 3510 409 3629 quid
427 3429 585 3603 tardlem
606 3515 736 3628 potest
748 3517 825 3603 elie
844 3517 1041 3623 nanuale,
1063 3516 1177 3631 quod
1200 3516 1307 3602 idem
1330 3514 1495 3601 nimium
1519 3520 1597 3603 else

191 3628 338 3739 poffit?
362 3635 461 3717 Sunt
482 3636 588 3717 enim
608 3633 742 3717 omnia
768 3630 838 3716 ista
865 3658 915 3718 ex
944 3660 1120 3719 errorum
1144 3654 1228 3719 orta
1262 3631 1482 3719 radicibus:
1503 3660 1608 3744 quae.
1685 3656 1688 3667 ·

193 3742 391 3945 wegpnrsia
410 3746 452 3833 dt
473 3747 709 3833 extrahenda
724 3750 901 3860 penitus,
923 3777 1008 3835 nou
1027 3742 1344 3845 circumcidenda
1357 3774 1432 3833 nec
1451 3774 1594 3859 ampu-

191 3876 262 3942 lat]
354 3888 410 3944 un
857 3898 861 3903 ·

251 3974 329 4060 Sed
348 3882 539 4091 quiiniam
555 3976 724 4089 suspicor
736 4001 776 4064 te
788 4007 872 4067 non
886 4000 966 4065 tam
986 3976 1039 4063 de
1055 3978 1091 4064 sa
1121 3976 1240 4083 iente,
1248 3980 1368 4090 qudrn
1385 3975 1436 4062 de
1455 3998 1493 4062 te
1507 3974 1592 4090 ipso
1603 4003 1663 4106 3·-

191 4117 389 4201 quaerere,
409 4092 548 4201 (illum
567 4099 671 4178 enim
694 4114 808 4207 putas
826 4096 937 4182 omni
953 4008 1246 4210 perturbatione
1262 4094 1338 4177 effe
1351 4089 1537 4196 liberum,
1553 4116 1592 4177 te
1636 4052 1660 4131 7

190 4203 284 4315 vis)
307 4206 536 4315 videamus,
554 4230 701 4321 quanta
719 4212 816 4317 sint,
836 4241 925 4327 quae
942 4217 967 4298 i
983 4208 1230 4326 philosophia
1250 4207 1421 4293 remedia
1442 4208 1597 4295 morbis

190 4325 417 4410 animorum
436 4321 702 4412 adhibeantur.
739 4326 803 4413 Est
821 4332 927 4416 enim
947 4325 1128 4443 quadani
1149 4322 1341 4413 medicina
1369 4324 1494 4410 terte:
1516 4350 1591 4407 nee

188 4460 272 4523 tam
290 4438 364 4526 suit
385 4444 596 4529 hominurn
616 4447 750 4557 generi
768 4444 912 4533 insensa
934 4466 1055 4558 atque
1076 4440 1231 4530 inimica
1249 4464 1385 4527 natura
1396 4504 1410 4546 ,
1433 4462 1476 4523 ut
1497 4466 1592 4523 cor-

186 4551 355 4667 poribus
374 4580 436 4646 tot
451 4588 511 4646 res
522 4558 710 4664 salutares,
720 4558 858 4647 animis
875 4560 1020 4647 nullam
1035 4562 1233 4647 invenerit.
1263 4562 1327 4643 De
1344 4556 1488 4672 quibus
1507 4556 1588 4643 hoc

188 4675 307 4758 etiam
329 4672 384 4757 est
408 4675 545 4763 merita
565 4669 728 4779 meliits,
752 4675 868 4790 quod
1143 4671 1364 4784 adiumenta
1395 4669 1591 4758 adhiben-

185 4802 252 4873 tur
264 4790 497 4881 extrinseeus
511 4855 526 4898 ,
542 4795 768 4881 annorum
787 4790 882 4881 saltu
894 4794 960 4885 inc
973 4792 1039 4883 usa
1056 4794 1099 4881 in
1122 4790 1182 4879 his
1205 4789 1295 4911 ipsu
1317 4794 1381 4876 est.
1409 4786 1485 4877 Sed
1500 4790 1585 4916 quo

1464 4928 1589 5012 maror
1720 4958 1725 4965 -
1767 4974 1775 4987 .
