4259 5592
529 322 1291 426 ''LUCULLuu-2
1551 375 1598 433 21

216 515 297 636 tiiis
323 515 519 608 refluebat
547 527 654 612 Nam
673 513 821 612 'tantiiin
841 520 966 606 abesse
982 519 1158 627 dicebat,
1177 544 1222 610 ut
1241 521 1282 607 id
1308 515 1609 640 consentaneum

221 637 336 740 esset,
355 658 399 721 ut
415 634 583 723 maximi
607 643 721 724 etiarn
736 658 975 749 repugnaret.
1006 642 1089 754 Qui
1103 635 1206 721 enim
1219 657 1372 750 negaret
1386 638 1607 753 quidquam

220 749 321 854 eisc,
340 748 455 862 quod
481 755 763 866 perciperetur,
801 777 892 835 euni
922 747 1014 834 nihil
1037 756 1225 864 excipere.
1255 757 1307 835 lta
1329 755 1479 838 necesse
1506 756 1606 860 else,

210 889 271 966 ne
298 861 489 974 idipsum
513 862 700 978 quidem,
727 862 842 976 quod
869 884 1079 980 exceptum
1099 894 1184 950 nori
1208 867 1326 968 esser,
1348 873 1607 980 comprehen-

221 974 263 1061 di
289 978 498 1092 &percipi
523 977 600 1065 ullo
626 978 753 1065 modo
786 979 908 1090 posse.
1193 979 1201 1000 “
1636 1051 1644 1059 ,

279 1094 496 1178 Antiochus
516 1091 567 1176 ad
587 1092 702 1180 istum
719 1093 851 1179 locum
895 1088 1019 1178 resliiis
1035 1091 1240 1179 videbatur
1261 1091 1454 1178 accedere.
1483 1099 1604 1228 Qn-

221 1206 325 1291 niun
352 1211 457 1291 enim
485 1204 527 1292 id
558 1205 743 1293 haberent
765 1213 845 1292 Aca
874 1211 988 1291 einici
1011 1205 1211 1292 decretum
1225 1215 1241 1304 (
1255 1208 1394 1292 sentitis
1409 1214 1513 1293 enini
1533 1239 1607 1324 pm

222 1323 382 1407 hocine
405 1315 532 1428 ‹lbyru
553 1321 716 1431 dicere)
735 1319 828 1405 nihil
847 1321 959 1433 posse
979 1325 1150 1435 percipi:
1176 1351 1261 1408 non
1287 1317 1430 1405 debere
1465 1349 1534 1408 eos
1565 1326 1606 1407 in

222 1435 292 1520 suo
315 1432 501 1539 decreto,
521 1435 616 1522 sicut
635 1439 676 1521 in
701 1439 842 1521 caeteris
866 1431 1006 1538 rebus,
1037 1436 1251 1540 fluduare,
1276 1433 1482 1548 prasertim
1512 1431 1605 1521 cirin

222 1547 262 1632 in
284 1574 335 1635 eo
363 1548 509 1634 sumnia
529 1551 760 1637 consisteret.
790 1554 905 1634 Hanc
926 1547 1031 1633 enirn
1044 1550 1120 1634 else
1141 1549 1314 1662 regulam
1331 1552 1453 1636 totius
1474 1550 1608 1663 philo·

222 1663 393 1774 sophia,
417 1663 736 1750 constitutionem
760 1666 868 1768 veri,
893 1663 970 1749 falsi
981 1727 995 1767 ,
1033 1668 1208 1777 cogniti,
1245 1663 1459 1776 incogniti:
1485 1693 1607 1778 quain

222 1779 411 1862 rationein
437 1782 625 1892 quoniam
647 1777 895 1890 susciperent,
922 1776 1148 1891 docereque
1165 1777 1328 1882 veilent,
1351 1806 1439 1892 qua
1461 1781 1607 1892 :iquo-

221 1895 278 1976 vis
303 1894 427 2004 accipi
453 1893 736 2006 oporteret,&
760 1919 847 2006 qua
876 1890 1096 2005 repudiari,
1126 1893 1228 1978 certe
1261 1893 1341 1977 hoc
1369 1892 1520 2004 ipsum,
1555 1921 1607 1978 ex

222 2033 305 2120 quo
327 2031 446 2090 omne
467 2005 550 2091 veri
565 2006 721 2121 salsique
744 2004 930 2114 judicium
950 2007 1069 2110 esset,
1095 2006 1292 2119 percipere
1321 2033 1392 2089 eos
1417 2002 1605 2094 debuisse.

191 2129 198 2140 '
223 2121 374 2204 Etenim
394 2118 478 2205 duo
506 2121 582 2206 else
601 2122 683 2207 hac
705 2119 927 2205 maximain
949 2119 1220 2233 philosophia,
1237 2116 1426 2229 judicium
1444 2125 1546 2223 veri,
1566 2123 1607 2206 8:

223 2236 339 2316 finem
362 2229 585 2322 bonorum:
612 2263 684 2322 nec
703 2235 907 2348 sapientem
921 2234 1033 2348 posse
1056 2235 1156 2337 else,
1182 2233 1253 2346 qui
1275 2255 1342 2318 aut
1362 2232 1607 2346 cognoscen-

222 2345 261 2430 di
274 2345 430 2434 initium
442 2353 623 2462 ignoret,
645 2373 711 2436 aut
738 2371 950 2432 extremum
966 2344 1196 2461 expetendi:
1210 2373 1281 2449 ut,
1303 2369 1373 2431 aut
1387 2345 1493 2432 unde
1509 2376 1607 2459 pro·

220 2455 431 2566 sciscatur,
457 2485 525 2549 aut
540 2467 623 2578 quii
646 2461 953 2578 perveniendum
974 2463 1045 2566 sit,
1066 2457 1218 2544 nesciat.
1246 2466 1344 2546 Haec
1369 2478 1500 2546 autern
1535 2464 1606 2546 lia-

178 2663 185 2675 ,
220 2571 311 2659 bete
330 2571 479 2682 dubia,
501 2603 630 2705 neque
653 2577 712 2662 his
742 2581 795 2663 itt
820 2575 1044 2680 confidere,
1074 2598 1118 2662 ut
1144 2579 1296 2661 moveri
1319 2603 1404 2661 non
1430 2575 1607 2687 possint,

224 2690 433 2775 abhorrere·
454 2697 477 2778 i
501 2692 679 2802 sapientia
703 2687 922 2803 plurimum.
1034 2691 1040 2716 '
1556 2774 1559 2778 Α

279 2809 373 2889 Hoc
392 2805 509 2918 'igitur
528 2806 655 2892 modo
677 2809 812 2920 potius
837 2826 918 2889 erat
938 2801 987 2888 ab
1014 2805 1074 2888 his
1107 2803 1418 2915 postulandum,
1445 2827 1490 2890 ut
1526 2804 1607 2889 hoc

220 2947 346 3002 unuin
368 2919 493 3004 saltem
504 2982 518 3022 ,
543 2920 690 3034 percipi
712 2917 804 3004 nihil
823 2919 957 3033 polse,
972 2939 1200 3032 perceptum
1222 2919 1298 3002 esse
1319 2915 1501 3003 dicerent
1529 2915 1606 3028 §ed

219 3032 271 3116 de
293 3031 550 3120 inconstantia
567 3039 687 3120 totius
712 3031 862 3118 illorum
887 3033 1074 3118 sententiae
1085 3093 1099 3133 ,
1124 3032 1152 3114 si
1180 3030 1255 3116 ulla
1278 3033 1457 3117 sententia
1483 3031 1610 3142 cujus-

219 3175 340 3260 quam
365 3149 440 3234 eise
466 3147 593 3262 potest
615 3147 706 3236 nihil
727 3145 1008 3261 approbantis,
1027 3145 1144 3251 s1t³⁴,
1167 3167 1214 3232 ut
1242 3146 1415 3258 opinor,
1451 3143 1605 3233 diuum

219 3261 315 3346 mu
1232 3275 1236 3282 '

275 3376 458 3490 Sequitur
479 3375 687 3490 disputatio
715 3375 874 3490 copiosa
887 3373 948 3460 illa
962 3373 1150 3489 quidem,
1177 3373 1240 3460 sed
1258 3375 1375 3489 paulii
1394 3372 1605 3462 abstrusior.
1620 3407 1661 3424 ·

212 3489 350 3574 Habet
373 3496 478 3575 enini
496 3487 773 3605 aliquantiimi
791 3491 979 3606 physicis:
1006 3513 1051 3576 ut
1074 3514 1227 3594 verear,
1258 3517 1307 3572 ne
1326 3489 1511 3600 majorem
1535 3490 1609 3575 lar-
1629 3470 1662 3523 ¹(

209 3607 299 3713 giar
321 3610 385 3707 ei,
413 3610 481 3718 qui
504 3611 642 3692 contri
664 3603 837 3692 diunius
853 3605 932 3707 est,
951 3599 1163 3688 libertatem
1198 3603 1237 3688 8(
1259 3603 1462 3689 licentiam
1501 3611 1607 3690 Nain

211 3716 318 3831 quid
333 3720 365 3762 ³⁵
383 3746 477 3805 euin
502 3719 691 3804 sasturuin
712 3741 847 3834 putem
869 3718 921 3802 de
941 3717 1082 3803 abditis
1109 3713 1225 3804 rebus
1247 3718 1287 3802 δι
1309 3716 1504 3821 obscuris,
1530 3721 1610 3831 ‚qui

211 3831 342 3916 lucem
364 3839 511 3944 eripere
529 3845 715 3925 conetur?
739 3831 816 3918 Sed
842 3829 1023 3944 disputari
1046 3851 1200 3945 poterat
1226 3833 1431 3935 subtiliter,
1456 3856 1609 3945 quanto

215 3947 326 4054 quasi
349 3946 513 4035 artificio
539 3971 672 4034 natura
689 3943 867 4032 fabricata
879 3948 971 4032 esset
982 3943 1152 4060 primiiin
1172 3944 1309 4030 animal
1337 3972 1475 4032 omne:
1493 3943 1610 4028 dein-

215 4057 275 4139 de
294 4063 497 4148 hoinineni
516 4062 709 4149 maxime:
736 4088 824 4174 quae
850 4061 909 4144 vis
937 4063 1029 4146 esset
1054 4061 1096 4144 in
1127 4057 1312 4145 sensibus:
1344 4059 1608 4171 quemadmo-

213 4170 321 4258 dum
334 4175 504 4290 ³⁶priina
524 4177 600 4264 visa
625 4206 700 4263 nos
733 4175 937 4288 pellerent:
960 4173 1104 4263 deinde
1126 4177 1316 4286 appetitio
1341 4172 1391 4257 ab
1422 4174 1481 4258 his
1502 4174 1609 4288 pulsa

208 4383 212 4388 ,
544 4315 548 4321 ’
1003 4297 1042 4375 C
1076 4322 1093 4398 3
1469 4287 1608 4400 seque-

199 4449 312 4515 dum,
328 4468 359 4506 uc
377 4454 471 4531 opinor.
491 4451 528 4512 Et
546 4448 585 4512 ita
603 4449 723 4512 saie-dii
736 4452 826 4512 codex
845 4469 891 4511 re-
937 4445 1141 4510 Praeterinilsam
1149 4446 1197 4504 hic
1209 4446 1377 4508 ediivoceni
1390 4449 1452 4505 clar'
1469 4451 1528 4506 nnis
1540 4446 1611 4509 arbi-

195 4527 290 4610 gius.
313 4530 402 4590 lonii.
937 4532 1025 4590 troia
1042 4545 1207 4606 properante
1218 4527 1349 4605 librario,
1363 4526 1449 4589 ursei
1482 4526 1520 4587 lii.
1540 4529 1611 4598 Pes<

250 4627 309 4688 35.
328 4613 403 4690 Qu
423 4629 482 4670 erim
493 4611 631 4692 faslirum
647 4625 736 4694 putem
750 4613 782 4671 de
801 4611 893 4669 abditis
937 4627 1040 4669 sanir.

192 4687 479 4778 roverium
498 4691 639 4776 num
657 4695 752 4774 ria<
769 4699 892 4768 tvm]
978 4706 1026 4778 ia
1044 4684 1611 4853 omonimum
