4259 5592
473 417 765 554 uranu
831 468 1316 585 QUARTUS„
1510 514 1594 595 447

185 648 447 792 {rafaniafnon
468 647 734 767 lrabptrcujur
755 652 924 769 impulsu
943 654 1089 747 exsiliit
1105 659 1221 745 etiam
1240 656 1340 745 inter
1363 660 1495 749 fratres
1518 662 1614 750 rale‘

187 791 464 1015 ngmbgis
481 879 588 972 hom
611 908 652 969 te
665 885 905 1018 expirprraur'r
928 889 1092 1006 usquam
1109 891 1290 1005 gentium
1314 890 1587 1005 impudentia?

358 1004 464 1117 Qu
486 1024 623 1087 autem
642 1004 805 1084 Μαί
814 1006 889 1089 rr?

184 1113 302 1203 Nosti
320 1143 409 1229 quae
432 1114 657 1233 sequuntur.
696 1118 860 1204 Alternis
886 1118 993 1205 enim
1021 1120 1193 1207 versibus
1226 1124 1501 1235 intorquentur
1527 1128 1592 1209 in-

184 1254 244 1317 ter
261 1230 395 1318 fratres
413 1234 638 1363 graviffimae
666 1233 941 1323 contumelia:
965 1258 1011 1324 ut
1033 1233 1145 1324 facile
1176 1261 1387 1354 appareat,
1419 1245 1523 1327 Atrei
1536 1239 1589 1325 li-

184 1346 259 1435 lios
281 1346 379 1451 elle,
401 1371 508 1455 erus,
530 1355 601 1466 qui
622 1348 830 1438 meditatur
849 1378 1009 1469 poenam
1032 1354 1074 1437 iu
1097 1352 1258 1438 tiatrem
1284 1382 1457 1441 novam:
1622 1458 1634 1467 .,

188 1507 191 1511 ·
240 1502 245 1510 ·
323 1492 327 1504 ’
356 1460 499 1571 Major
517 1464 613 1549 ntr'hi
631 1470 767 1574 moles,
792 1468 922 1573 majus
948 1467 1173 1572 noscendum
1197 1470 1374 1574 malum,
1631 1488 1632 1491 ‘

358 1582 456 1695 ρξε’
470 1580 580 1667 illius
595 1585 771 1669 acerbum
788 1614 849 1669 cor
868 1584 1099 1669 contundam
1127 1586 1175 1679 ἀ
1198 1584 1449 1697 comprimam.
1550 1632 1553 1640 »

185 1690 291 1815 Qu
314 1697 434 1807 igitur
450 1700 510 1785 hae
532 1721 646 1785 erunt
671 1702 820 1791 molta?
844 1699 939 1787 audi
961 1702 1176 1816 Thyestem
1201 1701 1355 1815 ipsum:
1633 1700 1636 1707 ’

359 1809 505 1925 Impius
530 1816 713 1899 hortatur
733 1810 968 1927 attestator,
988 1840 1038 1901 ut
1059 1846 1157 1903 meos
1186 1817 1303 1901 malis
1326 1816 1434 1923 m'srr

362 1926 599 2019 Mandrum
621 1955 742 2021 natos.
1362 1986 1395 1997 -
1529 2000 1537 2009 .

186 2042 337 2127 Eorum
358 2044 499 2133 viscera
520 2052 713 2162 apponit:
740 2046 914 2164 quidest
934 2052 1063 2155 enirn,
1092 2052 1177 2163 qud
1203 2078 1287 2135 non
1315 2038 1591 2161 progrediatur

184 2153 274 2275 ira?
290 2156 473 2271 eodem,
494 2167 579 2275 qui>
604 2161 725 2251 furor.
755 2168 891 2279 ltaque
909 2166 1029 2249 iratos
1056 2166 1217 2277 proprii
1231 2160 1591 2251 dicimusexiffede
1750 2260 1751 2263 p

184 2271 402 2383 potestate,
416 2274 460 2361 id
479 2276 558 2383 est,
578 2274 631 2394 de
652 2276 843 2406 confilip,
865 2273 918 2363 de
953 2277 1130 2383 ratione,
1167 2277 1219 2365 de
1252 2300 1407 2363 mente:
1444 2279 1592 2363 horum

182 2392 294 2472 enim
313 2392 482 2502 potestas
501 2395 545 2476 in
565 2414 697 2503 totum
711 2393 889 2481 animum
905 2392 985 2479 css‘e
1008 2391 1140 2479 debet.
1169 2393 1243 2479 His
1262 2412 1331 2480 aut
1358 2392 1589 2478 subuahen-

181 2500 228 2588 di
244 2498 418 2611 lunt'ei,
442 2511 484 2591 in
505 2536 609 2622 quos
636 2514 832 2624 impetum
857 2530 1051 2595 conantur
1077 2503 1342 2613 facere,dum
1367 2508 1490 2621 seipsr
1504 2505 1592 2592 col·
1654 2510 1657 2515 ’
1717 2558 1719 2576 1

183 2618 337 2733 ligant,
356 2620 489 2737 (quid
508 2622 565 2707 est
590 2621 776 2710 autemst
796 2623 923 2749 ipsum
942 2622 1146 2741 colligere,
1169 2625 1238 2709 nist
1259 2623 1449 2737 dissipatas
1472 2625 1592 2707 animi
1743 2738 1745 2743 ,

184 2756 312 2848 partes
331 2738 479 2822 rursum
504 2742 546 2824 in
572 2739 685 2825 suum
707 2739 845 2827 locum
868 2742 1044 2856 cogere)
1072 2762 1139 2827 aut
1175 2737 1342 2855 rogandi
1374 2736 1593 2852 orandique

185 2851 302 2953 sunt,
327 2871 396 2957 ut,
418 2852 447 2937 sr
470 2882 591 2968 quarn
615 2854 760 2943 habent
784 2853 992 2945 ulciscendi
1010 2858 1121 2961 vim,
1155 2852 1337 2941 differant
1370 2855 1415 2941 in
1432 2878 1512 2939 tem
1545 2878 1591 2938 ur

181 2964 317 3071 aliud,
336 2966 436 3052 dum
453 2966 688 3056 defervescat
718 2974 785 3057 ira
815 2969 1087 3057 Defervescere
1114 2992 1247 3056 autem
1264 2968 1368 3068 certi
1400 2967 1496 3083 srgn'
1526 2992 1590 3055 cat

183 3075 369 3167 ardorem
396 3088 515 3170 animi
535 3085 658 3173 invita
676 3090 829 3173 tatione
849 3091 1073 3173 excitatum.
1102 3090 1159 3171 Ex
1174 3114 1271 3201 quo
1293 3082 1387 3169 illud
1415 3082 1592 3169 laudatur

184 3195 387 3315 Archyta:
411 3199 484 3331 qui
509 3208 606 3289 cum
632 3199 763 3289 villico
787 3202 912 3289 farto
931 3203 1024 3288 effer
1035 3201 1197 3305 iratior,
1217 3205 1305 3313 Qu
1329 3222 1370 3282 tr
1387 3200 1515 3303 modo,
1530 3204 1594 3285 in-

182 3315 296 3427 quit,
321 3315 545 3428 accepim,
572 3317 644 3429 nist
659 3316 789 3401 iram
808 3314 946 3427 effrm?

244 3425 324 3515 Ubi
345 3430 430 3517 sunt
456 3458 556 3548 ergo
576 3432 659 3539 illi,
672 3436 744 3548 qui
764 3430 1010 3519 iracundiam
1020 3428 1156 3517 utilem
1177 3428 1351 3515 dicunt.²
1372 3429 1500 3542 potcli
1512 3434 1660 3519 uti-

183 3532 230 3627 lis
248 3545 326 3635 ‚effe
341 3544 513 3642 insania?
541 3554 621 3635 Aut
644 3547 883 3640 naturalem?
901 3574 954 3633 an
976 3544 1195 3664 quidquam
1216 3546 1292 3631 effe
1313 3544 1442 3659 potest
1454 3545 1590 3631 secun-
1605 3528 1659 3606 37

181 3656 290 3745 diun
314 3685 521 3768 naturam,
546 3661 662 3779 quod
695 3663 740 3749 lit
759 3686 1001 3780 repugnante
1021 3664 1211 3749 rational
1241 3668 1342 3771 Qo
1363 3657 1491 3745 modo
1515 3688 1592 3743 au-

182 3798 293 3881 rern,
314 3776 344 3862 st
365 3780 544 3866 naturalis
564 3778 656 3865 eliet
681 3778 740 3866 ira
749 3812 770 3877 ,-
786 3800 854 3864 aut
879 3778 974 3865 alius
995 3778 1072 3864 alio
1090 3778 1213 3891 magis
1229 3774 1440 3862 iracundus
1474 3776 1594 3862 effer:

181 3912 254 3979 aut
265 3888 387 3977 linem
406 3888 722 4009 haberetpriirs,
749 3899 872 4011 quim
885 3895 977 3981 effer
998 3892 1103 3997 ulra,
1131 3886 1338 3977 ulciscendi
1361 3886 1506 3976 libido:
1522 3912 1590 3977 aut

179 4034 429 4123 quemquam
451 4010 677 4121 poeniteret,
695 4008 814 4127 quod
836 4006 980 4097 feciliet
1011 4013 1097 4127 pur'
1116 4012 1234 4112 iram,
1260 4030 1306 4092 ut
1328 4004 1591 4093 Alexandrum
1669 4020 1702 4099 ’,

179 4149 321 4239 regem
339 4124 546 4229 videnum
572 4134 642 4244 qui
658 4126 1011 4215 cirmiuteremill'et
1022 4123 1176 4217 Clitum
1193 4120 1445 4227 ‚farnrliarem
1461 4120 1588 4225 suum,
1685 4140 1687 4145 '

184 4239 485 4330 vtxasemanus
503 4241 694 4330 abstinuit.
723 4248 851 4331 Tanta
873 4247 932 4329 vit
950 4242 1023 4327 fuit
1044 4236 1273 4353 poeniterrdi.
1305 4236 1463 4357 Qibus
1483 4268 1590 4349 cog-

185 4354 304 4461 nitis,
331 4364 422 4474 quis
443 4360 522 4467 est,
556 4364 627 4477 qui
650 4355 829 4466 dubitet,
849 4364 950 4474 quin
970 4360 1035 4444 hic
1057 4380 1226 4471 quoquc
1247 4376 1385 4439 motus
1402 4357 1523 4439 animi
1541 4352 1589 4437 fit

184 4494 295 4559 totus
317 4471 523 4586 opinabilis
539 4506 588 4563 ac
604 4476 878 4563 voluntarius?
891 4477 993 4579 Quis
1005 4476 1112 4562 enim
1123 4468 1308 4595 dubitarit
1322 4531 1335 4573 ,
1350 4474 1448 4585 quin
1462 4496 1591 4583 aegro-

184 4589 351 4675 tationes
368 4593 516 4700 animi,
547 4591 669 4701 qualis
694 4592 750 4677 cli
776 4593 969 4697 avaritia,
994 4588 1129 4704 gloria
1153 4582 1381 4699 cupiditas,
1422 4611 1471 4669 ex
1510 4610 1594 4688 co,

182 4700 301 4819 quiid
323 4708 455 4823 magni
479 4710 684 4796 aestimetur
699 4734 745 4792 aa
772 4732 831 4792 roe
843 4767 858 4812 ‚
878 4732 932 4791 ex
955 4735 1038 4820 qua
1062 4705 1216 4788 animur
1246 4720 1435 4814 aegrotat,
1460 4703 1595 4813 orian-

182 4830 274 4910 tur?
300 4824 416 4909 Unde
435 4824 592 4943 intelllgi
611 4822 731 4913 debet
742 4886 761 4929 ,
782 4822 1127 4939 perturbationem
1148 4838 1318 4931 quoque
1338 4840 1498 4905 onmem
1508 4814 1597 5013 ‘eEffe

182 4936 226 5023 ln
248 4936 456 5051 Opinione.
1554 4948 1599 5033 t,
1667 4964 1673 4977 ⁰
