4259 5592
511 412 1223 508 urunnrnruuc
1501 416 1588 529 rm

186 636 251 712 re,
279 631 367 721 que
389 602 517 709 rede,
545 632 633 719 quae
661 600 823 714 oblique
850 600 1045 689 feranou:
1070 598 1214 689 deinde
1242 589 1377 686 eadem
1404 598 1464 685 illa
1492 625 1583 688 ato.

185 748 371 822 morum,
395 720 438 802 in
456 748 542 837 quo
565 722 679 805 etiam
698 721 949 807 Democritus
971 716 1108 820 heret,
1123 712 1341 805 turbtdenta
1372 719 1581 803 concursio

187 843 297 924 hunc
310 832 452 921 mundi
465 856 646 922 omarum
666 832 818 919 effioere
833 862 917 921 non
929 828 1085 944 pote'n't.
1112 830 1285 920 Neilsud
1301 829 1461 943 quidem
1474 833 1583 943 phy-

188 952 255 1037 srci
277 953 331 1037 est
343 947 527 1053 ‚credere
539 945 684 1063 aliquid
697 948 774 1031 effe
789 950 1007 1033 minimum.
1036 945 1358 1064 Qrodprosedo
1376 975 1581 1059 nunquam

187 1062 417 1179 putavisset,
439 1065 467 1148 s1
483 1067 507 1149 ὲ
526 1060 738 1177 ΡοΙγεηο,Ι
755 1060 926 1149 familiari
951 1064 1048 1166 suo,
1064 1062 1316 1175 geometriam
1338 1057 1482 1145 discere
1496 1090 1584 1145 ma-

187 1182 337 1284 luisset,
354 1182 483 1375 quim
504 1175 603 1261 illan:
625 1182 740 1263 etiam
760 1172 887 1293 ipsum
906 1172 1114 1263 dedocere.
1136 1175 1209 1263 Sos
1236 1175 1470 1263 Democrito
1495 1204 1582 1261 ma-

188 1324 290 1409 gnus
313 1292 354 1378 vi
384 1318 497 1395 etur,
527 1290 676 1405 quippe
694 1293 845 1379 homini
869 1290 1046 1394 erudito,
1061 1294 1108 1405 in
1128 1291 1426 1407 geometriique
1451 1289 1583 1401 perfe-

190 1416 267 1495 cto.
296 1409 403 1493 Huic
427 1404 613 1519 bipedaiis
638 1406 818 1495 fortasse:
845 1426 996 1493 tantum
1025 1405 1131 1491 enirn
1156 1408 1232 1491 esse
1259 1404 1431 1507 censet,.
1452 1432 1582 1515 quan·

190 1546 252 1609 tus
275 1521 454 1625 videtur,
476 1520 667 1633 velpauid
689 1546 757 1609 aut
775 1522 984 1635 majorem,¹
994 1542 1061 1607 aut
1081 1522 1286 1607 minorem.
1313 1524 1369 1605 lta
1386 1544 1475 1631 que
1489 1546 1583 1602 mu-

191 1658 269 1739 tat,
293 1662 339 1721 ea
364 1640 604 1747 corrumpit:
628 1664 715 1750 quae
736 1638 930 1751 sequitur,
953 1635 1039 1721 sunt
1059 1658 1141 1722 tota
1161 1630 1391 1720 Democriti
1409 1636 1582 1737 ‚Atomi,

191 1758 325 1854 inane,
347 1754 559 1863 imagines,
579 1777 664 1862 quae
687 1747 792 1837 idola
810 1755 1038 1853 nominant,
1068 1779 1242 1867 quorum
1263 1747 1480 1833 incurfione
1497 1777 1584 1834 non

191 1860 313 1949 solum
344 1864 579 1967 videamus,
613 1858 677 1946 sed
710 1868 824 1952 etiarn
855 1869 1099 1980 cogitemus:
1122 1865 1289 1949 infinitio
1315 1862 1421 1971 ipsa,
1460 1890 1585 1973 quam

191 1975 350 2081 dnnpsm
372 2000 538 2082 vocant,
559 1998 642 2064 tota
662 1974 711 2063 ab
734 1977 798 2067 illo
824 1981 900 2065 est:
919 2008 1005 2064 tum
1018 1968 1313 2064 inhumenbires
1327 1972 1492 2081 mundi,
1508 1976 1581 2088 qui

191 2094 231 2176 8:
252 2096 450 2196 oriantur,
469 2093 509 2177 ἃ
530 2096 715 2177 intereant
743 2092 932 2206 quotidie.
976 2100 1077 2217 Qua
1103 2095 1171 2178 etsr
1194 2092 1290 2177 mitri
1315 2088 1423 2176 nullo
1447 2088 1580 2176 modo

192 2202 430 2315 probantur:
453 2229 581 2292 tamen
594 2206 867 2293 Democritum
887 2206 1279 2293 laudatumacaeteris
1294 2268 1308 2308 ,
1321 2199 1371 2288 ab
1395 2204 1495 2306 boc,
1510 2207 1581 2317 qui

190 2346 283 2403 etun
305 2348 430 2403 unum
448 2320 598 2405 secutus
625 2320 680 2403 est
692 2382 706 2423 ‚
727 2320 868 2407 nollem
894 2326 1168 2433 ‘vituperatum

248 2436 331 2553 Jam
351 2436 391 2516 in
413 2432 526 2518 astera
550 2432 803 2546 philosophiae
825 2454 959 2547 parte,
979 2464 1066 2549 que:
1086 2436 1142 2517 est
1174 2432 1372 2547 querendi
1392 2458 1439 2515 ac
1463 2428 1579 2527 diffe-

191 2544 328 2650 rendi,
355 2575 442 2661 qua
462 2544 588 2653 oopus
611 2547 779 2651 dicitur,
804 2552 872 2634 iste
892 2550 1014 2635 vester
1043 2548 1188 2661 plane,
1211 2570 1258 2633 ut
1287 2545 1384 2632 mihi
1418 2543 1582 2657 quidem

191 2659 370 2762 videtur,
392 2660 546 2745 inermis
562 2688 608 2744 ac
626 2658 756 2747 nudus
771 2666 834 2749 est.
862 2661 981 2749 Tollit
1008 2662 1277 2748 definitiones:
1292 2658 1384 2746 nihil
1405 2657 1459 2743 de
1475 2658 1606 2749 divi-.

192 2772 326 2858 dendo
349 2802 395 2858 ac
421 2771 626 2888 partiendo
646 2773 785 2861 docet:
807 2768 911 2879 nom
933 2805 1017 2890 quo
1040 2774 1168 2863 modo
1188 2777 1401 2876 efficiatur,
1415 2772 1584 2858 conciu-

191 2887 389 3001 datdrque
412 2892 540 2991 ratio,
561 2888 699 2974 tradit:
724 2919 832 2996 non,
852 2888 931 3004 qui
954 2888 1016 2979 vid
1039 2888 1208 3004 captiosa
1225 2888 1439 2991 solvantur,
1454 2885 1604 2972 ambi-‘

191 3030 269 3115 gua
292 3000 597 3117 distinguantur,
621 3004 797 3088 ostendit.
839 3004 987 3124 Judicia
1010 3034 1136 3090 rerum
1169 3008 1211 3088 in
1230 2997 1397 3089 senfibus
1435 3006 1580 3113 ponit:

191 3112 338 3229 quibus
361 3117 388 3199 sr
405 3114 515 3200 semel
533 3114 681 3230 aliquid
693 3114 769 3205 salsi
780 3147 856 3230 pro
876 3146 971 3206 vero
991 3116 1202 3235 probatum
1214 3118 1283 3222 stt,
1302 3112 1489 3202 sublatum
1503 3117 1587 3204 effe

191 3258 316 3315 omne
345 3230 531 3339 judicium
552 3230 635 3317 veri
662 3232 793 3317 &falfi
820 3254 941 3345 putat.

196 3381 201 3389 ·
248 3344 296 3425 In
324 3346 439 3427 tertia
456 3346 487 3387 ¹⁵
505 3344 587 3427 verb
601 3368 733 3455 parte,
756 3375 834 3461 que
851 3347 900 3459 est
919 3350 965 3427 de
988 3344 1074 3429 vita
1090 3346 1138 3437 ὁ*
1150 3345 1335 3448 moribur,
1352 3343 1393 3427 in
1413 3342 1585 3457 coafitet-

189 3457 289 3539 tione
301 3460 419 3568 finis,
443 3458 501 3540 nil
521 3464 738 3573 generosum
752 3462 856 3571 sapit
880 3484 997 3575 atque
1018 3458 1272 3575 magm'ficum.
1300 3457 1519 3545 Confirmat
1532 3458 1586 3543 il-

188 3570 260 3657 lud
280 3572 340 3657 ves
354 3576 547 3677 maxime,
567 3572 680 3689 quod
698 3576 776 3687 ipsa
796 3594 953 3678 natura,
970 3596 1014 3659 ut
1036 3575 1089 3659 ait
1102 3572 1174 3677 ille,
1185 3572 1364 3658 adsciscat
1382 3574 1421 3660 8(
1440 3598 1586 3685 repro-

188 3685 284 3791 bet,
303 3685 345 3772 id
369 3688 699 3801 est‚voluptatern
720 3686 968 3775 &dolorem
998 3688 1060 3774 Ad
1083 3691 1186 3791 haec,
1199 3687 1238 3773 8(
1252 3715 1338 3801 qua
1352 3687 1584 3800 sequamur,

186 3802 229 3885 ἃ
257 3830 347 3915 quae
366 3801 586 3914 fugiamus,
607 3802 719 3887 refert
740 3802 883 3888 omnia
913 3800 1039 3917 Quod
1060 3830 1288 3915 quanquam
1312 3802 1494 3914 Aristippi
1507 3801 1580 3903 est,
1746 3826 1750 3836 ’

187 3920 214 3999 a
236 3915 534 4029 Cyrenaicisque
553 3917 687 4001 meiius
717 3914 946 4031 liberiusque
968 3913 1213 4002 defenditur:
1240 3940 1370 4001 tamen
1390 3914 1582 4025 ejusmodi

185 4030 272 4112 ess‘e
293 4028 449 4139 iudico,
469 4050 512 4117 ut
533 4030 627 4116 nihil
640 4034 800 4117 homine
813 4030 990 4117 videatur
1001 4030 1209 4145 indignius.
1237 4028 1301 4113 Ad
1314 4028 1459 4138 majora
1471 4035 1581 4114 enim

189 4142 375 4254 quadam
399 4175 473 4232 noe
503 4170 640 4233 natura
660 4144 849 4260 genuit&
872 4146 1134 4233 conformavit
1146 4145 1326 4257 ‚mmihi
1339 4140 1502 4340 quidqu
1513 4148 1580 4229 vi-

937 4266 978 4347 0
1020 4294 1038 4370 3
1311 4318 1325 4324 -
1477 4283 1580 4345 etur:

1608 2500 1636 2579 7

23 4502 25 4539 ³
180 4509 317 4571 meliore
340 4511 491 4591 exemplari
508 4512 651 4590 reperitur.
682 4514 746 4593 Ego
763 4510 795 4569 in
814 4522 867 4570 no*
888 4510 987 4571 ¹bebat
1004 4530 1014 4569 ε
1033 4528 1099 4570 veta
1117 4528 1211 4569 tamen
1222 4508 1274 4568 esse
1292 4509 1429 4571 videntur.
1448 4511 1505 4570 Sed
1523 4510 1580 4569 adr

176 4590 246 4651 stris
266 4590 348 4653 fibris
365 4592 555 4672 manuscriptis
568 4615 627 4656 non
642 4594 750 4671 reperi,
778 4610 867 4668 neque
903 4592 960 4651 huc
979 4592 1106 4667 quadam
1140 4586 1311 4659 desderan,
1341 4594 1427 4653 verba
1448 4612 1508 4669 quae
1532 4595 1579 4650 se*

175 4672 282 4735 ullam
300 4673 391 4750 reperi
407 4674 547 4735 lacunam.-
569 4678 703 4737 Lartem.
723 4680 869 4735 Vetusex·
903 4668 1097 4753 quuntursstis
1117 4669 1241 4732 indicant
1259 4691 1268 4730 :
1288 4690 1321 4729 et
1337 4674 1418 4734 erum
1432 4672 1579 4754 aptemur!

25 4815 29 4826 .
175 4753 869 4837 :aplanemsumamyerbamnha
902 4752 1383 4819 issisnontohaerrotuouuue
1446 4818 1455 4827 ,

36 5239 60 5525 r
