4259 5592
543 380 636 481 4⁵³⁶
851 320 1668 473 Tuseuurunrtun'

538 586 655 643 mum
684 552 813 641 referri
838 575 979 642 tamen
1024 548 1225 671 Qtocitea
1260 554 1407 679 corpus
1435 547 1607 665 gaudere
1636 544 1817 659 tamdiu,
1838 556 1937 647 dum

539 676 764 785 praesentem
785 667 936 753 sentiret
951 671 1225 783 voluptatem:
1245 694 1421 753 annuum
1439 668 1485 753 ἃ
1511 666 1734 779 ptaesentem
1760 673 1938 789 percipe.

538 814 583 871 re
603 792 744 901 pariter
770 812 861 870 cum
884 785 1141 900 corpore‚&
1169 784 1388 899 prospicere
1408 778 1657 887 venientem,
1677 811 1751 871 nec
1776 813 1936 899 ptaeter-

539 903 635 987 itam
656 901 913 1017 preterfluere
938 903 1068 988 sinere.
1116 905 1169 986 lta
1194 920 1399 1012 perpetuas
1420 896 1461 983 δι
1485 920 1686 985 contextas
1715 900 1810 989 volu
1840 924 1935 993 tates

535 1019 579 1103 in
599 1016 765 1131 sspimte
791 1014 877 1100 sote
902 1015 1073 1130 semper,
1088 1011 1180 1100 citm
1205 1014 1479 1128 exspettationi
1498 1013 1731 1127 speratarum
1751 935 1936 1133 volitpta.

538 1154 652 1237 tum‚
676 1154 948 1245 perceptarum
973 1137 1164 1218 memoria
1185 1132 1417 1245 jungeretur.
1445 1133 1577 1242 Atque
1589 1133 1635 1215 iis
1655 1130 1790 1221 similia
1806 1134 1858 1224 ad
1873 1136 1936 1224 vi-

533 1248 644 1333 elom
669 1252 786 1333 etiam
804 1248 1107 1353 transferuntur,
1121 1251 1459 1357 exterruauturque
1477 1248 1816 1359 magnificentia&
1830 1251 1934 1341 sutu-

527 1384 628 1475 ptus
650 1363 878 1477 epularum,
902 1363 1018 1477 quod
1038 1392 1163 1480 parvo
1188 1360 1295 1447 cultu
1316 1383 1450 1445 natura
1475 1384 1659 1448 contenta
1678 1364 1732 1451 fit.

453 1486 514 1503 “““
592 1482 743 1564 Etenim
794 1482 853 1562 uis
874 1479 955 1564 hoc
978 1509 1062 1567 non
1094 1476 1226 1581 videt,
1261 1474 1456 1562 desideriis
1484 1475 1551 1560 illa
1583 1477 1739 1567 condiri
1767 1485 1931 1578 omniat

531 1595 674 1679 Darius
696 1597 738 1677 in
764 1509 883 1707 luga,
905 1597 1000 1681 cum
1028 1620 1173 1711 aquam
1196 1589 1395 1678 turbidam
1414 1592 1454 1676 &
1473 1588 1733 1681 cadaveribus·
1747 1597 1945 1713 inqttina-.

528 1728 612 1793 tarn
632 1707 809 1813 bibisset,
837 1712 994 1823 negavit
1014 1738 1190 1825 unquam
1212 1708 1248 1791 se
1273 1703 1409 1793 bibisse
1437 1704 1659 1814 jucundius.
1709 1716 1931 1829 Nunquam

529 1821 710 1911 videlicet
742 1825 868 1910 fitiens
902 1822 1061 1912 biberat.
1106 1828 1193 1911 Nec
1228 1822 1393 1910 esuriens
1424 1819 1654 1911 Ptolemaeus
1678 1826 1833 1929 ederat:
1868 1833 1935 1917 cui

524 1943 626 2023 cum
645 1937 862 2053 peragranti
890 1945 1128 2055 AEgyptum‚
1155 1936 1365 2028 comitibus
1390 1966 1474 2022 non
1499 1939 1729 2045 consecutis,
1755 1938 1929 2031 cibarius

528 2056 572 2137 in
589 2053 673 2139 casa
695 2059 806 2165 panis
831 2051 945 2141 datus
961 2058 1103 2161 esset,
1141 2054 1236 2141 nihil
1268 2054 1392 2143 visum
1415 2054 1470 2137 est
1491 2050 1557 2140 illo
1582 2083 1681 2168 pane
1703 2057 1926 2169 jucundius.

523 2172 726 2256 Socratem
753 2170 908 2274 ferunt,
933 2175 1027 2258 cum
1053 2168 1246 2287 usquead
1271 2169 1472 2283 vesperum
1499 2174 1721 2259 contentius
1747 2172 1928 2275 ambula-

522 2306 612 2390 ret,
637 2285 924 2401 quesitumque
948 2287 1041 2372 esset
1061 2316 1110 2372 ex
1130 2313 1205 2391 eo,
1242 2311 1362 2400 quare
1386 2281 1428 2368 id
1458 2283 1631 2371 faceret:
1666 2287 1928 2402 respondiffe,
1952 2358 1958 2367 .

521 2395 587 2501 se,
609 2406 693 2513 quo
719 2400 856 2484 melitis
882 2424 1072 2508 coenarer,
1097 2402 1289 2516 opsonare
1315 2395 1554 2487 ambulando
1580 2402 1733 2488 famem.
1777 2402 1925 2527 Qud?

520 2512 672 2599 vidium
699 2513 1086 2603 lacedaemoniorum
1109 2521 1148 2603 in
1182 2514 1355 2629 plriditiis
1375 2518 1409 2560 ⁴³
1426 2519 1559 2601 nonne
1608 2515 1820 2611 videmus?
1857 2518 1928 2605 ubi

519 2622 618 2712 cum
633 2653 819 2745 tyrannus
844 2634 1064 2720 coeuavilliet
1085 2633 1327 2746 Dionysrus,
1345 2628 1502 2745 negavit
1522 2631 1557 2717 se
1583 2632 1665 2746 jure
1691 2633 1757 2718 illo
1785 2637 1926 2748 nigro,

521 2744 638 2855 quod
662 2774 781 2831 eoenae
800 2770 921 2859 caput
940 2772 1044 2853 etat,
1071 2748 1315 2835 deleelatum.
1356 2749 1466 2833 Turn
1490 2750 1543 2853 is,
1571 2752 1642 2861 qui
1667 2747 1728 2833 illa
1754 2770 1925 2835 coxerat:
1946 2816 1950 2821 -

521 2858 698 2945 Mmime*
720 2863 885 2967 mirum,
907 2864 1140 2947 condimento
1170 2861 1271 2947 enim
1291 2858 1501 2971 desuem.
1531 2870 1631 2979 Qae
1655 2862 1840 2969 tandem,
1862 2869 1924 2948 irr-

520 2980 611 3083 quit
635 2974 724 3065 ille?
749 2976 874 3059 Labor
890 2977 931 3058 t'n
959 3004 1127 3085 venatu,
1142 2981 1292 3084 sudor,
1310 2981 1436 3082 cursuot
1451 2976 1502 3059 ab
1522 2980 1669 3064 Eurota
1690 2981 1745 3084 ⁴⁴,
1758 2976 1926 3089 fames,

508 3088 608 3201 fitis.
639 3095 711 3175 His
732 3096 837 3177 enim
861 3090 976 3179 rebus
996 3092 1389 3181 Lacedaemoniorum
1410 3092 1532 3207 epulae
1555 3092 1811 3201 condiuntur.
1853 3102 1925 3181 At·

517 3214 603 3315 que
628 3205 708 3292 hoc
731 3236 815 3291 uon
848 3234 897 3291 ex
920 3211 1132 3297 hominum
1152 3237 1264 3297 more
1292 3209 1447 3313 solutu,
1482 3206 1546 3292 sed
1571 3214 1686 3295 etiam
1717 3237 1767 3295 ex
1796 3208 1925 3295 bestiis

513 3319 677 3433 intelligi
697 3323 849 3436 potest,
882 3353 1002 3437 qun,
1033 3350 1079 3412 ut
1102 3323 1301 3441 quidquid
1323 3320 1524 3437 objeslum'
1547 3326 1627 3428 est,
1650 3323 1762 3438 quod
1792 3325 1920 3411 modi>

515 3436 657 3521 naturai
676 3466 760 3523 non
780 3437 825 3523 srt
846 3438 1044 3547 alienum,
1063 3468 1114 3529 eo
1141 3460 1337 3529 contentae
1362 3462 1638 3551 nonquaerunt
1655 3439 1833 3549 amplius.
1848 3444 1921 3526 Ci-

518 3542 657 3635 vitates
678 3550 859 3666 quaeclam
883 3555 1091 3661 universae,
1114 3584 1227 3646 more
1249 3553 1399 3660 doetae,
1413 3550 1645 3669 parsimoniis
1663 3553 1933 3659 destillaturos,-

518 3687 565 3752 ut
588 3664 639 3748 de
661 3667 964 3756 lacedemoniis
994 3673 1114 3785 paulo
1149 3673 1238 3759 ante
1262 3669 1444 3758 diximus,
1485 3667 1683 3757 Persarum
1723 3674 1746 3757 i
1779 3673 1934 3756 Xeno-2

445 3782 670 3893 ‘Aphonte
699 3787 823 3869 vietus
849 3790 1084 3899 exponintt:
1111 3818 1215 3904 quos
1236 3808 1351 3899 negat
1369 3784 1419 3870 ad
1439 3812 1579 3897 panem
1594 3781 1779 3870 adhibere
1797 3783 1919 3899 quid-

465 3950 477 4013 2
513 3924 661 4013 quam,
684 3923 819 4012 praeter
839 3903 1075 4006 nasturtium.
1125 3910 1394 4025 Qtanquam,
1422 3900 1450 3984 sr
1475 3898 1655 4017 quodam
1682 3903 1799 3988 etiam
1830 3901 1919 4027 sua-

1799 4040 1911 4100 vrora

516 4209 608 4374 ur·
631 4222 1130 4368 filtrum
1143 4226 1191 4367 tr
1222 4226 1493 4370 ultrum
1718 4222 1929 4366 tlt·

512 4328 601 4467 iistlltte
614 4326 780 4469 liegiquse&
801 4388 1005 4467 Lugdunenses
1024 4391 1084 4451 duo
1095 4430 1105 4462 ,
1124 4346 1193 4450 inea
1227 4328 1589 4470 polirolemlitymologiffi
1606 4322 1823 4467 ngramloverbo
1842 4395 1916 4457 zon,

513 4487 595 4532 vetus
613 4468 860 4544 eunomium,
887 4469 1001 4547 allaeque
1026 4471 1191 4543 nonnullae,
1228 4468 1315 4531 wilm.
1340 4474 1506 4533 Buuuutos.
1921 4470 1927 4481 '

514 4552 661 4617 retinenda
674 4552 764 4618 fuerat
779 4573 815 4615 ea
840 4572 917 4623 vox,
936 4573 996 4613 non
1017 4550 1124 4613 temeri
1143 4573 1192 4613 ex·
1269 4578 1322 4628 44..
1339 4552 1432 4633 Crustu
1449 4554 1486 4615 ad
1508 4552 1675 4622 Euroram]
1695 4546 1795 4629 Vulgo
1807 4548 1844 4626 ol>⁸
1857 4552 1910 4609 Ett-

515 4635 662 4696 trudenda.
687 4637 724 4694 Et
745 4636 812 4698 vero
838 4638 920 4695 loan.
939 4632 1097 4705 Metulitts,
1116 4635 1190 4713 Mfi.
1224 4652 1290 4695 roru
1310 4635 1368 4695 Sed
1386 4634 1460 4697 resti
1478 4632 1648 4697 doiliffimus
1660 4630 1807 4692 Bentleius
1827 4630 1914 4689 :Eu-

515 4723 612 4777 [aeon.
626 4716 650 4774 1.
668 4740 704 4790 4,
721 4717 846 4776 auctores
870 4716 964 4777 laudat
986 4738 1046 4777 non
1064 4734 1189 4794 paucos,
1225 4734 1299 4777 rotas
1316 4715 1395 4777 enim
1410 4714 1460 4777 sub
1483 4714 1547 4794 ipris
1566 4710 1655 4794 prope
1670 4714 1782 4792 Sparta
1804 4709 1930 4770 moeni·

511 4797 563 4880 qui
580 4796 711 4863 convivia
729 4798 788 4858 hoc
803 4799 1091 4865 Lacedaemoniorum
1108 4816 1190 4875 roca}
1224 4799 1277 4877 bus¹
1297 4798 1366 4878 fluit
1387 4798 1462 4873 Yide
1478 4795 1721 4875 cruentarum
1739 4796 1849 4876 §cogr-
1860 4791 1913 4935 ΙῙΦΙῑΪ
