4259 5592
605 405 1113 502 LUCULLU&
1501 443 1551 540 ἡ

160 603 203 688 dt
228 596 367 688 omnia
390 590 647 700 moderetur,
669 616 826 682 moveat
839 657 854 701 ,
868 619 986 712 regat
1012 594 1093 682 Erit
1106 593 1476 714 peruasrmeriam,
1491 612 1556 698 so.

161 715 262 820 lun,
285 714 445 816 lunam,
469 709 588 795 stelas
622 736 759 797 omnes
773 774 787 816 ,
821 732 986 816 terram,
1011 739 1144 816 rnare,
1175 711 1273 802 deos
1298 721 1375 806 esse
1389 784 1403 825 ,
1439 724 1554 838 quod

163 828 346 948 quadam
368 827 540 916 animalis
558 823 801 938 intelligentia
826 853 904 939 pet
929 831 1063 914 omnia
1088 855 1134 912 ea
1156 855 1353 942 permeet,
1373 835 1412 921 ὃ(
1435 839 1555 923 trans-

164 971 263 1176 dii:
281 945 371 1034 fore
394 969 524 1032 tamen
544 937 783 1055 aliquutdo,
801 963 847 1031 ut
875 946 1003 1032 omnis
1026 944 1092 1032 hic
1112 943 1291 1032 mundus
1317 947 1456 1036 ardore
1480 953 1555 1040 de-

244 1081 314 1148 ltt.
843 1143 847 1152 .

218 1182 304 1264 Sint
322 1175 391 1263 ista
410 1201 523 1262 vera:
543 1170 653 1259 vides
667 1171 771 1262 enim
782 1169 859 1283 jani
874 1201 938 1260 me
948 1173 1057 1264 fateri
1072 1171 1218 1288 aliquid
1231 1175 1308 1258 else
1318 1180 1399 1262 veti
1415 1208 1556 1266 :com-
1566 1199 1624 1220 ···

166 1291 359 1406 prehendi
374 1317 420 1376 ea
439 1313 568 1375 tamen
596 1287 805 1402 &percipi
829 1315 947 1404 nego.
974 1285 1087 1376 Cirtn
1110 1293 1214 1399 enirn
1239 1311 1330 1376 tuus
1359 1292 1428 1376 iste
1448 1296 1556 1380 stoi·
1572 1266 1622 1352 3⁸

169 1437 236 1494 cus
259 1405 406 1520 sapiens
428 1407 455 1490 s
470 1398 635 1488 llabatirn
660 1401 734 1488 tibi
755 1399 824 1486 ista
850 1402 1013 1508 dixeri,
1043 1407 1171 1489 veniet
1193 1407 1342 1490 flumen
1367 1406 1556 1496 orationis

169 1548 327 1608 aureum
356 1435 526 1606 fundens
555 1514 798 1621 Aristoteles,
829 1522 900 1630 qui
925 1517 1033 1606 illum
1066 1517 1236 1632 desipere
1267 1517 1397 1607 dinut:
1423 1549 1556 1638 neque

170 1635 270 1722 enim
289 1657 421 1724 ortum
437 1635 512 1720 eise
524 1663 580 1718 un
610 1659 702 1716 uam
722 1629 938 1737 mundum,
953 1632 1066 1748 quod
1085 1633 1186 1719 nulla
1199 1631 1312 1720 suerit
1328 1665 1439 1724 novo
1453 1665 1556 1722 con-

169 1751 244 1838 silio
266 1753 365 1836 inito
390 1771 470 1836 tarn
494 1662 662 1864 praedlari
686 1751 816 1860 operis
848 1745 1045 1862 inceptio,
1071 1747 1110 1834 ἃ
1137 1747 1190 1834 ita
1214 1775 1306 1832 eum
1334 1753 1411 1835 esse
1435 1750 1557 1836 undi-

170 1891 243 1978 que
257 1887 473 1976 apttun,ut
491 1861 593 1946 nulla
608 1863 665 1948 vis
685 1882 814 1948 tantos
834 1885 952 1972 queat
962 1886 1096 1947 motus
1108 1865 1445 1979 mutationemque
1460 1895 1555 1954 mo-

170 1980 245 2082 liri,
258 1976 360 2064 nulla
378 1978 550 2063 senouus
574 1974 823 2062 diutunritate
847 2001 926 2062 tem
955 2007 1070 2065 otum
1094 1978 1266 2062 exsistere
1283 1981 1333 2082 ¹³,
1346 2003 1390 2064 ut
1403 1982 1467 2066 hic
1485 2011 1557 2068 or-

171 2117 279 2179 natus
300 2119 476 2204 unquam
494 2089 658 2204 dilapsus
673 2089 841 2176 occidat
869 2009 961 2177 rili
977 2094 1057 2178 hoc
1078 2089 1304 2202 repudiate,
1319 2092 1411 2177 illud
1425 2117 1556 2183 autem

170 2206 338 2320 luperiru
352 2268 366 2311 ‚
382 2207 480 2292 srcut
504 2227 624 2320 caput
650 2204 854 2292 &famam
887 2228 1024 2310 marn,
1049 2205 1258 2290 defendere
1286 2209 1436 2293 necesse
1457 2213 1554 2296 erit:

171 2326 260 2410 milri
271 2385 286 2426 ,
304 2345 353 2404 ne
373 2345 417 2408 ur
443 2318 623 2406 dubitem
645 2318 830 2431 quidem,
851 2318 1107 2435 relinquatur?

224 2441 277 2522 Ur
300 2433 479 2520 omittam
511 2434 704 2520 leuitatem
730 2435 873 2520 temere
895 2433 1176 2522 assentientirnn
1188 2496 1203 2538 ,
1231 2439 1364 2548 quanti
1403 2433 1554 2522 libertas

173 2553 233 2640 ista
256 2548 474 2636 estimanda
491 2549 574 2653 est,
593 2577 678 2634 non
700 2547 797 2634 mihi
819 2549 967 2636 necesse
986 2551 1089 2653 esse,
1126 2547 1240 2661 quod
1265 2547 1336 2635 ribi
1360 2549 1439 2644 eli?
1467 2554 1555 2636 Cur

172 2666 291 2769 deus,
323 2665 457 2752 omnia
475 2663 594 2749 nostri
615 2661 731 2750 causi
755 2659 846 2748 ciun
871 2662 1036 2770 faceret,
1063 2663 1142 2774 (stc
1168 2666 1273 2759 euim
1298 2664 1442 2776 vultis)
1467 2687 1554 2751 tan-

172 2805 247 2868 tam
266 2784 350 2866 vim
371 2781 562 2866 natricum
580 2781 879 2892 viperarumque
892 2777 1043 2871 fecerit?
1065 2801 1136 2862 cut
1148 2779 1437 2864 mortiferarum
1452 2778 1555 2863 mul-

172 2919 209 2980 ta
228 2893 441 3010 pernieiosa
456 2893 493 2938 ¹⁴
506 2886 605 2979 tetri
628 2893 802 3007 marique
824 2891 1053 3005 disperserit?
1072 2895 1233 3004 Negatis
1260 2897 1342 2980 hec
1366 2911 1445 2977 tam
1475 2925 1555 3008 po-

171 3011 230 3098 lite
248 3016 411 3123 tamque
433 3003 613 3093 subtiliter
644 3006 745 3092 effici
771 3007 940 3118 potuisse
962 3010 1042 3093 stne
1069 3006 1201 3092 divina
1227 3007 1354 3122 aliqua
1377 3008 1553 3120 solertia:

173 3127 276 3238 cujus
299 3121 463 3239 quidem
491 3152 566 3208 vos
590 3119 819 3231 majestatem
840 3119 1031 3208 deducitis
1050 3121 1171 3234 usque
1194 3121 1245 3206 ad
1257 3126 1391 3236 apium
1415 3125 1555 3209 sonni-

173 3246 385 3436 mmnpque
400 3235 705 3436 pIepseffionem:
728 3258 772 3322 ut
796 3234 911 3322 etiarn
931 3233 1146 3436 intetldeos
1166 3236 1428 3350 Myrmecides
1443 3239 1474 3280 ¹⁵
1485 3237 1556 3372 ali-

319 3383 390 3437 om.
1146 3418 1150 3424 .
1441 3380 1553 3466 quis,

188 3501 1560 3532 w

171 3573 220 3633 effi
235 3568 386 3652 punierim
411 3569 450 3627 At
469 3565 601 3628 dicunmr
619 3563 705 3644 primi
721 3584 778 3625 non
798 3563 839 3622 in
874 3559 972 3629 uilius,
984 3560 1032 3641 sed
1056 3583 1087 3620 ex
1103 3564 1290 3645 caparnaum
1303 3562 1403 3645 smiles
1422 3568 1490 3626 inter
1503 3564 1558 3643 se.

170 3669 210 3713 ter
227 3647 255 3713 'se
270 3647 367 3711 collati
387 3668 396 3717 3
415 3646 463 3710 sed
481 3667 548 3708 curn
559 3645 681 3718 emeris,
698 3643 746 3725 qui
759 3644 840 3706 dein-
879 3641 915 3706 ὰ
933 3645 1047 3702 ninutas
1064 3663 1124 3712 ear,
1145 3645 1257 3726 prim
1273 3645 1331 3706 ἀς.

171 3736 206 3795 de
225 3731 367 3796 consecuti
389 3727 468 3800 fitur,
488 3727 655 3806 sapientibus
677 3725 839 3806 comparari.
924 3745 968 3784 12.
990 3725 1234 3786 Maru-mancorum
1261 3731 1362 3796 initiis]
1382 3721 1466 3783 Initia
1491 3739 1553 3781 ma-

173 3816 432 3881 Luscrcorrrurus,
451 3814 480 3870 itt
502 3811 573 3870 tae
598 3811 661 3870 Nat.
678 3813 716 3869 D.
726 3825 780 3890 cup.
795 3829 839 3868 ro.
876 3802 1111 3875 thematicorum,
1124 3825 1184 3882 que
1197 3804 1552 3881 memorar‘Nolier‚purr··

175 3897 262 3974 lluius
277 3890 515 3958 lociemendntio
536 3891 654 3951 debetur
672 3889 765 3951 loanni
786 3893 842 3948 Sca-
880 3885 924 3945 ua
940 3882 1001 3946 sunt
1015 3883 1046 3946 δ(
1064 3884 1145 3946 linet
1164 3906 1174 3945 t
1193 3907 1229 3948 ex
1247 3888 1290 3946 his
1309 3887 1387 3947 enirn
1405 3886 1493 3963 plane
1512 3881 1555 3944 ῶ-

174 3972 222 4046 la,
238 3976 284 4054 qui
307 3974 415 4054 primus
437 3991 489 4050 pro
508 3969 646 4051 consenfrffe
658 3973 757 4052 ptirnos
778 3989 841 4031 cor·
880 3965 996 4044 lidaeque
1014 3965 1159 4026 nascuntur
1175 3967 1291 4048 ligurio,
1302 3987 1362 4045 quae
1384 3985 1436 4045 pto
1453 3963 1554 4043 Pytha-

174 4055 248 4116 rexit
267 4053 395 4137 conreffiffe
406 4058 508 4136 primas
527 4074 537 4117 ‚·
557 4054 677 4130 erimque
693 4050 842 4112 cortediio·
883 4066 958 4127 gotae
972 4065 1066 4108 mente
1084 4045 1240 4110 solidorum
1256 4066 1409 4127 corporum
1421 4045 1483 4106 sunt
1500 4063 1553 4123 pu·⁴

174 4157 245 4196 nem
265 4137 407 4199 &sinnii
423 4134 586 4206 aucloritate
608 4131 782 4195 confirmavit
807 4153 842 4192 eu
881 4147 981 4189 tentes.
1000 4131 1155 4188 Drvrsrus.

173 4215 307 4298 Diogene
329 4213 454 4279 La'e'rtio.
486 4217 647 4276 Ursule·
664 4215 844 4292 Preterquim
924 4229 969 4288 ¹3·
990 4209 1119 4288 Explere]
1140 4208 1223 4270 Rene
1245 4207 1392 4270 Walkerue
1411 4203 1555 4266 nosterlc-

170 4300 255 4376 qudd
270 4301 322 4360 hoc
332 4302 524 4391 modoprimos
545 4299 686 4358 abundare
697 4313 844 4374 patetne-
882 4290 923 4374 git
940 4291 1041 4376 fferre.
1062 4294 1150 4351 loru.
1382 4366 1388 4378 ἱ

26 4384 27 4398 ’
166 4383 271 4461 liquos
292 4381 355 4441 istos
375 4381 509 4460 sapientes
532 4381 617 4445 rebus
639 4377 754 4458 physicis
778 4397 845 4455 ope-
928 4394 974 4448 ¹⁴·
997 4373 1160 4463 Perniciosa]
1182 4368 1300 4462 Fortasse
1326 4369 1452 4429 additum
1470 4364 1555 4429 suerit

167 4483 235 4526 rant
254 4463 357 4528 dedisse
367 4465 444 4526 nulla
464 4461 504 4522 est
523 4459 671 4523 memoria.
698 4457 773 4521 Dedi
792 4458 846 4540 igi-
886 4460 995 4534 exejus
1017 4471 1176 4524 notatione,
1193 4473 1242 4530 qut
1256 4452 1334 4514 velut
1352 4441 1487 4526 malm
1504 4449 1553 4510 ad·

166 4563 231 4618 rur,
253 4549 369 4610 auctore
396 4540 552 4616 Minucio,
583 4539 715 4624 cnueffpse
731 4544 847 4624 primu
884 4533 1027 4615 scripserat.
1047 4537 1158 4595 Fient.
1397 4611 1404 4622 .
1426 4609 1434 4624 ι
1519 4609 1526 4621 .

166 4630 330 4690 Dnvtstus.
933 4637 976 4689 15.
999 4617 1189 4692 Myrmecides]
1210 4615 1255 4672 De
1280 4633 1337 4692 quo
1363 4611 1488 4684 Firmus,
1505 4610 1557 4673 lrb.

210 4731 259 4772 ιι.
282 4717 331 4770 Sex
346 4729 378 4768 ex
398 4727 430 4768 ea
439 4707 598 4788 partiarius]
621 4701 764 4768 Manutius
773 4743 783 4779 ‚
797 4699 848 4782 ,sed
888 4717 944 4764 tn.
960 4696 1240 4778 cap.21.&xxxvr.
1251 4712 1276 4766 5.

88 4875 91 4888 1
162 4785 848 4876 fflffflofflfflssfflmlwldfflaff
953 4821 957 4828 ’
