4259 5592
584 394 639 488 ,a
896 362 1758 472 n.r.crcaaou1s·

580 557 751 646 omnino
777 551 871 638 nihil
893 553 1092 639 interesset.
1121 550 1263 636 Habeo
1283 549 1389 636 enim
1410 551 1579 669 reguiam
1590 615 1604 656 ‚
1622 577 1667 640 ut
1687 551 1774 638 talia
1799 553 1876 645 uisa
1896 587 1971 646 ve-

584 703 624 758 ra
645 670 812 782 judicem
824 731 837 771 ,
856 669 982 784 qualia
1006 667 1093 754 fassa
1118 668 1193 752 esse
1219 695 1302 752 non
1325 669 1476 780 possint.
1511 664 1572 753 Ab
1595 671 1668 754 hac
1689 672 1785 756 mihi
1807 702 1892 760 nou
1920 676 1969 759 si-

583 809 644 872 cet
666 782 934 890 transversum,
963 810 1008 869 ut
1031 781 1163 887 aiunt,
1204 779 1371 893 digitum
1397 781 1618 886 discedere,
1650 811 1700 866 ne
1725 789 1970 876 contundam

499 989 504 1000 ,
581 899 724 989 omnia.
753 900 841 980 Veri
857 904 959 983 enim
983 898 1118 985 &falsi
1137 925 1222 981 non
1239 895 1366 983 modo
1383 902 1585 1012 cognitio,
1599 895 1718 982 sed&
1742 923 1877 988 natura
1888 905 1968 990 tosa

491 1103 496 1108 ,
580 1012 751 1116 setut,s1
776 1009 870 1097 nihil
903 1017 998 1117 erit,
1028 1010 1143 1129 quod
1168 1011 1319 1096 intersit.
1349 1017 1402 1096 Ut
1426 1013 1542 1098 etiam
1563 1011 1656 1098 issud
1676 1012 1885 1103 abhrrdum
1899 1021 1964 1124 srt,

580 1127 695 1244 quod
724 1126 921 1214 interdum
944 1127 1068 1216 soletis
1095 1126 1253 1229 dicere,
1281 1121 1374 1210 cirm
1392 1128 1470 1212 visa
1500 1133 1542 1212 in
1562 1129 1965 1242 animosimpriman-

580 1267 664 1348 tur,
689 1272 774 1327 non
800 1271 873 1328 vos
898 1242 940 1328 id
967 1242 1117 1347 dicere,
1134 1243 1243 1326 inter
1264 1241 1361 1352 ipsas
1379 1239 1639 1356 impressiones
1665 1243 1759 1331 nihii
1776 1245 1967 1356 interesse,

580 1357 644 1442 sed
663 1356 761 1441 inter
775 1357 969 1468 species&
990 1355 1174 1472 quasdam
1193 1355 1336 1441 formas
1351 1382 1501 1441 eorum.
1530 1358 1651 1479 Qasr
1667 1365 1768 1446 verb
1781 1391 1864 1446 non
1879 1364 1969 1474 spe-

579 1477 640 1558 cie
666 1472 743 1558 visa
762 1470 1001 1576 iudicentur:
1033 1502 1121 1585 quae
1149 1469 1270 1555 sidem
1295 1469 1436 1556 nussam
1460 1468 1685 1575 habebunt,
1711 1473 1852 1561 sublati
1884 1482 1966 1563 veri

580 1585 719 1674 &fassi
746 1584 851 1673 nord.

487 1739 504 1770 ·
639 1699 731 1786 iilud
758 1704 853 1787 verb
874 1699 1174 1815 perabsurdum,
1203 1699 1315 1814 qubd
1337 1699 1463 1784 dicitis
1486 1700 1703 1812 probabilia
1719 1732 1793 1788 vos
1826 1704 1963 1817 sequi,

577 1817 607 1902 st
630 1843 670 1900 re
694 1815 794 1898 nussa
816 1814 1091 1929 impediamini
1120 1819 1296 1902 Primum
1309 1819 1377 1927 qui
1389 1819 1544 1928 potestis
1560 1845 1643 1901 non
1655 1815 1968 1928 impediri,cbm

578 1937 602 2018 d
623 1934 721 2016 veris
738 1929 822 2014 falsa
843 1959 926 2016 non
951 1930 1116 2018 distent?
1136 1927 1292 2014 Deinde
1314 1928 1427 2040 quod
1451 1929 1641 2040 judicium
1663 1930 1716 2013 est
1741 1935 1842 2035 veri,
1869 1930 1963 2017 ciun

578 2047 624 2130 srt
649 2053 860 2129 commune
884 2045 981 2136 sassi?
1011 2051 1069 2129 Ex
1090 2045 1148 2128 his
1172 2041 1230 2128 issa
1252 2043 1460 2128 necessario
1485 2067 1573 2130 nata
1592 2046 1645 2129 cst
1674 2043 1814 2150 ἔποχιῗ,
1837 2046 1880 2132 id
1908 2049 1965 2131 est

577 2158 796 2244 assensionis
815 2163 997 2246 retentio:
1015 2162 1055 2243 in
1073 2186 1153 2271 qua
1172 2154 1306 2241 melius
1322 2155 1390 2242 srbi
1408 2159 1576 2243 constitit
1597 2157 1800 2261 Arcesilas,
1820 2161 1848 2241 st
1873 2190 1966 2246 vera

577 2279 663 2358 sunt
685 2301 771 2386 qua
787 2271 839 2355 de
856 2273 1060 2359 Carneade
1079 2271 1256 2356 nonnulli
1279 2271 1503 2357 exisiirnant
1532 2276 1570 2357 Si
1588 2276 1693 2356 enim
1706 2273 1854 2386 percipi
1867 2276 1963 2359 nihis

578 2387 730 2500 potest,
753 2383 866 2499 quod
893 2390 1047 2501 utrique
1076 2384 1199 2470 visurn
1224 2386 1302 2472 est:
1339 2384 1530 2470 tollendus
1559 2385 1721 2468 assensus
1746 2386 1809 2469 est
1848 2388 1963 2514 Qid

578 2499 683 2584 enim
704 2499 756 2583 est
779 2520 856 2584 tam
874 2498 1006 2602 firtise,
1026 2503 1146 2612 quam
1159 2498 1377 2612 quidquam
1396 2500 1614 2611 approbare
1635 2529 1719 2583 non
1733 2504 1962 2612 cognitum?

578 2611 824 2699 Carneadem
844 2635 972 2698 autem
1000 2618 1118 2698 etiam
1146 2613 1229 2696 heri
1249 2611 1527 2718 audiebamus,
1560 2611 1711 2697 solitum
1735 2617 1811 2696 esse
1836 2613 1963 2702 desabi

577 2727 798 2832 interdum,
817 2750 860 2812 ut
881 2727 1049 2830 diceret,
1071 2731 1343 2838 opinaturum,
1372 2725 1413 2812 id
1439 2727 1517 2830 est,
1538 2748 1786 2839 peccaturum
1803 2730 1878 2812 esse
1905 2731 1966 2814 sa·

577 2850 759 2956 pientem.
797 2843 895 2928 Mihi
915 2843 1035 2953 porrb
1062 2871 1145 2926 non
1181 2864 1263 2925 tam
1291 2862 1439 2930 cerrum
1455 2840 1531 2942 est,
1562 2842 1637 2923 esse
1652 2838 1820 2977 aliquid,
1847 2843 1967 2953 quod

576 2954 859 3067 comprehendi
883 2957 1024 3069 possit,
1047 2952 1099 3038 de
1131 2984 1215 3068 quo
1236 2957 1311 3066 jam
1336 2956 1501 3036 nimium
1525 2957 1640 3037 etiam
1674 2951 1744 3035 diu
1776 2953 1967 3065 disputo,

578 3074 698 3184 quim
717 3069 924 3182 sapientem
945 3069 1037 3156 nihil
1057 3067 1230 3181 opinati,
1250 3067 1292 3152 id
1312 3066 1387 3171 est,
1409 3093 1612 3180 nunquam
1634 3069 1797 3152 assentiri
1825 3067 1880 3151 rei
1900 3070 1968 3154 ves

577 3181 670 3269 falsa
696 3183 754 3266 ves
771 3181 990 3296 incognita.

636 3301 754 3381 Restat
770 3296 886 3398 illud,
904 3293 1017 3408 quod
1036 3294 1195 3398 dicunt,
1217 3296 1299 3379 veri
1322 3293 1544 3378 inveniendi
1572 3290 1687 3380 causi
1716 3316 1851 3382 contra
1870 3325 1971 3382 om-

577 3409 642 3495 nia
656 3409 734 3495 dici
751 3433 932 3522 oportere
952 3410 991 3494 &
1012 3439 1087 3523 pro
1112 3408 1307 3494 omnibus.
1336 3408 1440 3493 Volo
1456 3407 1573 3521 igitur
1595 3407 1752 3513 videre,
1776 3408 1874 3524 quid
1899 3415 1969 3495 in-

563 3527 760 3610 ·venerint.
789 3531 886 3609 Non
908 3522 1072 3608 solemus
1085 3524 1133 3624 ⁵³,
1149 3527 1302 3637 inquit,
1324 3521 1532 3606 ostendere.
1562 3533 1666 3651 Qae
1693 3523 1779 3607 sunt
1797 3523 1968 3638 tandem

576 3637 645 3722 ista
662 3637 863 3749 mysteria?
886 3660 952 3720 aut
983 3665 1052 3722 cur
1075 3637 1227 3742 celatis,
1265 3637 1372 3749 quast
1393 3658 1506 3750 turpe
1533 3635 1706 3750 aliquid,
1739 3637 1974 3724 sententiam

464 3755 470 3764 '
564 3753 762 3841 vestram?
794 3755 845 3836 Ut
857 3813 871 3853 ,
893 3750 964 3865 qui
985 3749 1169 3855 audient,
1192 3751 1346 3864 inquit,
1368 3754 1517 3835 ratione
1536 3746 1800 3863 potiusquam
1820 3755 1976 3839 ausso-

578 3866 686 3952 ritate
701 3865 903 3952 ducantur.
933 3864 1089 3993 Qridsr
1114 3877 1348 3980 utrumque?
1377 3893 1478 3968 num
1507 3866 1617 3979 pejus
1636 3865 1714 3953 est?
1741 3867 1872 3947 Unum
1900 3885 1978 3956 ta.

1683 4015 1691 4022 ·
1868 4007 1974 4068 rnen

579 4169 619 4227 est
635 4169 759 4247 profesio
780 4199 788 4229 .·
808 4177 956 4252 quomodo
979 4173 1028 4236 isle
1046 4176 1122 4253 apud
1142 4177 1248 4235 Teren-
1281 4173 1443 4236 scilicetesso
1460 4174 1531 4234 iilud
1542 4195 1630 4234 ovum
1646 4175 1723 4250 quod
1741 4172 1853 4234 sedicat
1869 4177 1974 4245 nosse,

578 4249 652 4310 tium
667 4249 698 4308 in
715 4253 869 4332 Adelphis,
886 4258 959 4335 Qus
979 4261 1053 4316 aium
1072 4257 1088 4316 ἓ
1106 4257 1169 4334 quid
1188 4277 1247 4314 cen-
1280 4259 1368 4333 quim
1385 4255 1405 4315 si
1422 4256 1496 4316 inter
1513 4255 1562 4315 issa
1582 4255 1703 4315 omnino
1729 4253 1803 4313 nihil
1817 4255 1980 4316 interesset.

569 4329 614 4410 ses
634 4332 649 4390 ἒ
670 4333 733 4391 nihi!
748 4340 824 4396 enim.
853 4335 962 4396 Deinde
978 4335 1049 4396 item
1068 4335 1119 4396 sbi
1142 4336 1247 4396 Lucul-
1281 4341 1392 4397 Fauen.

557 4411 621 4471 'sus
643 4410 849 4490 obiicientem,
861 4421 939 4494 quod
957 4417 1162 4478 Academicum
1178 4438 1248 4494 quae·
1325 4437 1368 4490 55.
1392 4421 1452 4478 Ntm
1464 4416 1600 4495 silemus,
1613 4417 1715 4495 inquit,
1733 4414 1876 4494 uicatim]
1899 4416 1983 4476 Au-

546 4537 550 4548 .
577 4489 694 4552 siturum
710 4491 788 4564 sciat,
801 4503 891 4574 Magis
908 4497 1017 4580 assentiri
1026 4515 1097 4580 pares
1108 4497 1164 4559 &o
1186 4497 1246 4576 lpse
1282 4499 1409 4578 gustinus
1427 4517 1523 4561 contra
1541 4498 1629 4558 head.
1646 4497 1700 4558 lib.
1708 4499 1759 4556 111.
1778 4517 1838 4574 cap.
1853 4515 1900 4554 20.
1920 4501 1978 4558 Cb·

563 4569 740 4647 sespondet,
757 4577 843 4634 Habeo
861 4581 1064 4658 enimregrdam.
1085 4578 1246 4660 significare
1283 4599 1337 4637 cero
1355 4585 1391 4639 air
1403 4581 1453 4641 issu
1474 4577 1695 4660 (Academicis)
1717 4596 1813 4636 morem
1834 4573 1906 4656 suissi
1920 4598 1985 4636 oe-

557 4669 675 4720 ,autem
696 4651 756 4712 vult
774 4653 910 4729 ejusmodi
940 4661 1154 4740 anthypophora
1189 4680 1246 4720 non
1284 4659 1396 4719 ndrandr'
1409 4659 1566 4739 florentiam
1575 4661 1670 4738 suam,
1689 4681 1734 4718 nec
1757 4679 1820 4717 eam
1835 4661 1982 4735 cuiquam

575 4731 669 4815 mars
680 4731 797 4795 aream
815 4733 889 4816 pore
902 4739 1063 4804 Luouum
1081 4740 1141 4801 ue
1159 4759 1249 4802 anun
1284 4737 1333 4818 ns
1345 4745 1392 4822 rm·
1410 4742 1503 4822 secum
1520 4745 1555 4805 u
1566 4741 1725 4823 aarum
1742 4741 1821 4822 “set
1845 4739 1989 4903 opstat..

546 4881 548 4884 .
1952 4845 1993 4896 a:
