<?xml version="1.0" encoding="UTF-8"?>
<!DOCTYPE html PUBLIC "-//W3C//DTD XHTML 1.0 Transitional//EN"
    "http://www.w3.org/TR/xhtml1/DTD/xhtml1-transitional.dtd">
<html xmlns="http://www.w3.org/1999/xhtml" xml:lang="en" lang="en">
 <head>
  <title>
</title>
<meta http-equiv="Content-Type" content="text/html;charset=utf-8" />
  <meta name='ocr-system' content='tesseract 3.04.00' />
  <meta name='ocr-capabilities' content='ocr_page ocr_carea ocr_par ocr_line ocrx_word'/>
</head>
<body>
  <div class='ocr_page' id='page_1' title='image "./opera00cicegoog/opera00cicegoog_0055.png"; bbox 0 0 4259 5592; ppageno 0'>
   <div class='ocr_carea' id='block_1_1' title="bbox 622 405 1573 532">
    <p class='ocr_par' dir='ltr' id='par_1_1' title="bbox 622 405 1573 532">
     <span class='ocr_line' id='line_1_1' title="bbox 622 405 1573 532; baseline -0.002 -34"><span class='ocrx_word' id='word_1_1' title='bbox 622 405 1130 500; x_wconf 76' lang='lat' dir='ltr'><strong>LUCULLUS.</strong></span> <span class='ocrx_word' id='word_1_2' title='bbox 1265 420 1272 497; x_wconf 79' lang='lat'>3</span> <span class='ocrx_word' id='word_1_3' title='bbox 1517 451 1573 532; x_wconf 73' lang='lat'>37</span> 
     </span>
    </p>
   </div>
   <div class='ocr_carea' id='block_1_2' title="bbox 183 591 1652 4702">
    <p class='ocr_par' dir='ltr' id='par_1_2' title="bbox 183 591 1575 1168">
     <span class='ocr_line' id='line_1_2' title="bbox 183 591 1574 712; baseline 0.003 -32"><span class='ocrx_word' id='word_1_4' title='bbox 183 619 283 681; x_wconf 84' lang='lat' dir='ltr'>men·</span> <span class='ocrx_word' id='word_1_5' title='bbox 302 591 397 680; x_wconf 83' lang='lat' dir='ltr'>illud</span> <span class='ocrx_word' id='word_1_6' title='bbox 420 621 506 682; x_wconf 88' lang='lat' dir='ltr'>non</span> <span class='ocrx_word' id='word_1_7' title='bbox 535 593 684 705; x_wconf 84' lang='lat' dir='ltr'>celant,</span> <span class='ocrx_word' id='word_1_8' title='bbox 707 595 798 684; x_wconf 86' lang='lat' dir='ltr'>iiiliil</span> <span class='ocrx_word' id='word_1_9' title='bbox 823 594 920 697; x_wconf 76' lang='lat' dir='ltr'>eisc,</span> <span class='ocrx_word' id='word_1_10' title='bbox 940 595 1055 712; x_wconf 86' lang='lat' dir='ltr'>quod</span> <span class='ocrx_word' id='word_1_11' title='bbox 1079 592 1226 711; x_wconf 86' lang='lat' dir='ltr'>percipi</span> <span class='ocrx_word' id='word_1_12' title='bbox 1238 593 1362 709; x_wconf 81' lang='lat' dir='ltr'>possit.</span> <span class='ocrx_word' id='word_1_13' title='bbox 1392 603 1453 684; x_wconf 89' lang='lat' dir='ltr'>An</span> <span class='ocrx_word' id='word_1_14' title='bbox 1468 601 1508 684; x_wconf 87' lang='lat' dir='ltr'>in</span> <span class='ocrx_word' id='word_1_15' title='bbox 1523 626 1574 684; x_wconf 89' lang='lat' dir='ltr'>eo</span> 
     </span>
     <span class='ocr_line' id='line_1_3' title="bbox 183 707 1575 839; baseline -0.001 -39"><span class='ocrx_word' id='word_1_16' title='bbox 183 709 393 800; x_wconf 72' lang='lat' dir='ltr'>aucloritas</span> <span class='ocrx_word' id='word_1_17' title='bbox 412 709 505 798; x_wconf 82' lang='lat' dir='ltr'>nihil</span> <span class='ocrx_word' id='word_1_18' title='bbox 523 710 652 806; x_wconf 79' lang='lat' dir='ltr'>obest?</span> <span class='ocrx_word' id='word_1_19' title='bbox 667 712 763 798; x_wconf 89' lang='lat' dir='ltr'>mihi</span> <span class='ocrx_word' id='word_1_20' title='bbox 781 710 943 824; x_wconf 87' lang='lat' dir='ltr'>quidem</span> <span class='ocrx_word' id='word_1_21' title='bbox 971 711 1126 798; x_wconf 89' lang='lat' dir='ltr'>videtur</span> <span class='ocrx_word' id='word_1_22' title='bbox 1147 712 1207 796; x_wconf 92' lang='lat' dir='ltr'>vel</span> <span class='ocrx_word' id='word_1_23' title='bbox 1226 707 1445 823; x_wconf 86' lang='lat' dir='ltr'>pbirirnbm.</span> <span class='ocrx_word' id='word_1_24' title='bbox 1473 719 1575 839; x_wconf 79' lang='lat' dir='ltr'>Qis</span> 
     </span>
     <span class='ocr_line' id='line_1_4' title="bbox 183 825 1573 942; baseline 0.005 -34"><span class='ocrx_word' id='word_1_25' title='bbox 183 830 288 910; x_wconf 87' lang='lat' dir='ltr'>enim</span> <span class='ocrx_word' id='word_1_26' title='bbox 315 826 385 920; x_wconf 84' lang='lat' dir='ltr'>isla</span> <span class='ocrx_word' id='word_1_27' title='bbox 406 849 487 910; x_wconf 87' lang='lat' dir='ltr'>tam</span> <span class='ocrx_word' id='word_1_28' title='bbox 515 830 643 940; x_wconf 76' lang='lat' dir='ltr'>aperte</span> <span class='ocrx_word' id='word_1_29' title='bbox 662 829 942 942; x_wconf 69' lang='lat' dir='ltr'>perspicueque</span> <span class='ocrx_word' id='word_1_30' title='bbox 973 827 1230 940; x_wconf 69' lang='lat' dir='ltr'>&amp;perverb,</span> <span class='ocrx_word' id='word_1_31' title='bbox 1252 826 1291 912; x_wconf 89' lang='lat'>&amp;</span> <span class='ocrx_word' id='word_1_32' title='bbox 1315 825 1401 913; x_wconf 75' lang='lat' dir='ltr'>fusa</span> <span class='ocrx_word' id='word_1_33' title='bbox 1422 831 1573 916; x_wconf 90' lang='lat' dir='ltr'>secutus</span> 
     </span>
     <span class='ocr_line' id='line_1_5' title="bbox 184 939 1574 1051; baseline 0.007 -29"><span class='ocrx_word' id='word_1_34' title='bbox 184 941 297 1042; x_wconf 83' lang='lat' dir='ltr'>esset,</span> <span class='ocrx_word' id='word_1_35' title='bbox 322 940 391 1024; x_wconf 89' lang='lat' dir='ltr'>nisi</span> <span class='ocrx_word' id='word_1_36' title='bbox 414 963 518 1027; x_wconf 89' lang='lat' dir='ltr'>tanta</span> <span class='ocrx_word' id='word_1_37' title='bbox 536 945 578 1026; x_wconf 90' lang='lat' dir='ltr'>in</span> <span class='ocrx_word' id='word_1_38' title='bbox 602 943 791 1046; x_wconf 89' lang='lat' dir='ltr'>Arcesila,</span> <span class='ocrx_word' id='word_1_39' title='bbox 810 943 935 1028; x_wconf 89' lang='lat' dir='ltr'>multb</span> <span class='ocrx_word' id='word_1_40' title='bbox 955 944 1081 1050; x_wconf 21' lang='lat' dir='ltr'>etiam·</span> <span class='ocrx_word' id='word_1_41' title='bbox 1100 943 1223 1051; x_wconf 79' lang='lat' dir='ltr'>major</span> <span class='ocrx_word' id='word_1_42' title='bbox 1246 939 1290 1024; x_wconf 89' lang='lat' dir='ltr'>in</span> <span class='ocrx_word' id='word_1_43' title='bbox 1309 944 1512 1030; x_wconf 84' lang='lat' dir='ltr'>Carneade</span> <span class='ocrx_word' id='word_1_44' title='bbox 1535 947 1574 1032; x_wconf 89' lang='lat'>&amp;</span> 
     </span>
     <span class='ocr_line' id='line_1_6' title="bbox 184 1054 1017 1168; baseline 0.001 -28"><span class='ocrx_word' id='word_1_45' title='bbox 184 1059 302 1168; x_wconf 88' lang='lat' dir='ltr'>copia</span> <span class='ocrx_word' id='word_1_46' title='bbox 329 1081 457 1138; x_wconf 88' lang='lat' dir='ltr'>rerum</span> <span class='ocrx_word' id='word_1_47' title='bbox 482 1055 521 1142; x_wconf 87' lang='lat'>&amp;</span> <span class='ocrx_word' id='word_1_48' title='bbox 546 1054 702 1145; x_wconf 89' lang='lat' dir='ltr'>dicendi</span> <span class='ocrx_word' id='word_1_49' title='bbox 725 1057 786 1144; x_wconf 91' lang='lat' dir='ltr'>vis</span> <span class='ocrx_word' id='word_1_50' title='bbox 812 1057 968 1150; x_wconf 77' lang='lat' dir='ltr'>fuisset?</span> <span class='ocrx_word' id='word_1_51' title='bbox 1008 1136 1017 1154; x_wconf 80' lang='grc'>,</span> 
     </span>
    </p>

    <p class='ocr_par' dir='ltr' id='par_1_3' title="bbox 185 1169 1652 3793">
     <span class='ocr_line' id='line_1_7' title="bbox 244 1169 1652 1286; baseline 0.001 -32"><span class='ocrx_word' id='word_1_52' title='bbox 244 1175 340 1254; x_wconf 82' lang='lat' dir='ltr'>Hac</span> <span class='ocrx_word' id='word_1_53' title='bbox 364 1171 582 1258; x_wconf 84' lang='lat' dir='ltr'>Antiochus</span> <span class='ocrx_word' id='word_1_54' title='bbox 602 1171 737 1260; x_wconf 75' lang='lat' dir='ltr'>fere&amp;</span> <span class='ocrx_word' id='word_1_55' title='bbox 759 1171 994 1258; x_wconf 82' lang='lat' dir='ltr'>Alexandria</span> <span class='ocrx_word' id='word_1_56' title='bbox 1015 1193 1100 1256; x_wconf 89' lang='lat' dir='ltr'>tum</span> <span class='ocrx_word' id='word_1_57' title='bbox 1111 1235 1126 1276; x_wconf 93' lang='lat'>,</span> <span class='ocrx_word' id='word_1_58' title='bbox 1145 1169 1327 1255; x_wconf 89' lang='lat' dir='ltr'>&amp;multis</span> <span class='ocrx_word' id='word_1_59' title='bbox 1351 1175 1461 1256; x_wconf 89' lang='lat' dir='ltr'>annis</span> <span class='ocrx_word' id='word_1_60' title='bbox 1473 1173 1652 1286; x_wconf 80' lang='lat' dir='ltr'>poll,-</span> 
     </span>
     <span class='ocr_line' id='line_1_8' title="bbox 186 1263 1650 1400; baseline 0.004 -32"><span class='ocrx_word' id='word_1_61' title='bbox 186 1279 310 1370; x_wconf 89' lang='lat' dir='ltr'>inultb</span> <span class='ocrx_word' id='word_1_62' title='bbox 337 1283 452 1369; x_wconf 87' lang='lat' dir='ltr'>etiam</span> <span class='ocrx_word' id='word_1_63' title='bbox 475 1285 746 1373; x_wconf 81' lang='lat' dir='ltr'>asseverantius</span> <span class='ocrx_word' id='word_1_64' title='bbox 783 1291 824 1370; x_wconf 90' lang='lat' dir='ltr'>in</span> <span class='ocrx_word' id='word_1_65' title='bbox 847 1290 981 1400; x_wconf 85' lang='lat' dir='ltr'>Syria,</span> <span class='ocrx_word' id='word_1_66' title='bbox 1009 1282 1103 1372; x_wconf 81' lang='lat' dir='ltr'>clim</span> <span class='ocrx_word' id='word_1_67' title='bbox 1123 1285 1216 1369; x_wconf 88' lang='lat' dir='ltr'>esset</span> <span class='ocrx_word' id='word_1_68' title='bbox 1243 1311 1430 1388; x_wconf 89' lang='lat' dir='ltr'>mecum,</span> <span class='ocrx_word' id='word_1_69' title='bbox 1455 1263 1650 1400; x_wconf 78' lang='lat' dir='ltr'>paulo19</span> 
     </span>
     <span class='ocr_line' id='line_1_9' title="bbox 185 1395 1577 1514; baseline 0.002 -32"><span class='ocrx_word' id='word_1_70' title='bbox 185 1401 273 1485; x_wconf 75' lang='lat' dir='ltr'>ante</span> <span class='ocrx_word' id='word_1_71' title='bbox 296 1401 416 1510; x_wconf 74' lang='lat' dir='ltr'>quam</span> <span class='ocrx_word' id='word_1_72' title='bbox 437 1399 529 1483; x_wconf 84' lang='lat' dir='ltr'>esset</span> <span class='ocrx_word' id='word_1_73' title='bbox 553 1425 744 1488; x_wconf 85' lang='lat' dir='ltr'>mortuus.</span> <span class='ocrx_word' id='word_1_74' title='bbox 771 1400 847 1486; x_wconf 88' lang='lat' dir='ltr'>Sed</span> <span class='ocrx_word' id='word_1_75' title='bbox 873 1401 946 1514; x_wconf 85' lang='lat' dir='ltr'>jam</span> <span class='ocrx_word' id='word_1_76' title='bbox 968 1395 1197 1486; x_wconf 72' lang='lat' dir='ltr'>confirmati</span> <span class='ocrx_word' id='word_1_77' title='bbox 1210 1397 1345 1502; x_wconf 72' lang='lat' dir='ltr'>causi,</span> <span class='ocrx_word' id='word_1_78' title='bbox 1372 1421 1431 1502; x_wconf 92' lang='lat' dir='ltr'>te,</span> <span class='ocrx_word' id='word_1_79' title='bbox 1444 1401 1577 1485; x_wconf 89' lang='lat' dir='ltr'>homi-</span> 
     </span>
     <span class='ocr_line' id='line_1_10' title="bbox 188 1511 1577 1629; baseline 0.001 -33"><span class='ocrx_word' id='word_1_80' title='bbox 188 1541 276 1599; x_wconf 88' lang='lat' dir='ltr'>nem</span> <span class='ocrx_word' id='word_1_81' title='bbox 301 1515 564 1600; x_wconf 83' lang='lat' dir='ltr'>amicissimum</span> <span class='ocrx_word' id='word_1_82' title='bbox 579 1579 594 1620; x_wconf 92' lang='lat'>,</span> <span class='ocrx_word' id='word_1_83' title='bbox 623 1517 644 1623; x_wconf 71' lang='lat' dir='ltr'>s</span> <span class='ocrx_word' id='word_1_84' title='bbox 654 1543 718 1600; x_wconf 89' lang='lat' dir='ltr'>me</span> <span class='ocrx_word' id='word_1_85' title='bbox 736 1537 867 1602; x_wconf 90' lang='lat' dir='ltr'>autem</span> <span class='ocrx_word' id='word_1_86' title='bbox 889 1515 1133 1629; x_wconf 85' lang='lat' dir='ltr'>appellabat)</span> <span class='ocrx_word' id='word_1_87' title='bbox 1155 1511 1362 1625; x_wconf 86' lang='lat' dir='ltr'>&amp;aliquot</span> <span class='ocrx_word' id='word_1_88' title='bbox 1378 1517 1486 1597; x_wconf 88' lang='lat' dir='ltr'>annis</span> <span class='ocrx_word' id='word_1_89' title='bbox 1500 1514 1577 1597; x_wconf 90' lang='lat' dir='ltr'>mi-</span> 
     </span>
     <span class='ocr_line' id='line_1_11' title="bbox 188 1624 1577 1732; baseline 0 -22"><span class='ocrx_word' id='word_1_90' title='bbox 188 1654 327 1714; x_wconf 82' lang='lat' dir='ltr'>norem</span> <span class='ocrx_word' id='word_1_91' title='bbox 356 1651 473 1732; x_wconf 91' lang='lat' dir='ltr'>natu,</span> <span class='ocrx_word' id='word_1_92' title='bbox 495 1659 578 1716; x_wconf 92' lang='lat' dir='ltr'>non</span> <span class='ocrx_word' id='word_1_93' title='bbox 600 1627 793 1716; x_wconf 78' lang='lat' dir='ltr'>dubitabo</span> <span class='ocrx_word' id='word_1_94' title='bbox 819 1658 999 1716; x_wconf 88' lang='lat' dir='ltr'>monere:</span> <span class='ocrx_word' id='word_1_95' title='bbox 1024 1635 1171 1732; x_wconf 90' lang='lat' dir='ltr'>Tune,</span> <span class='ocrx_word' id='word_1_96' title='bbox 1199 1624 1290 1711; x_wconf 83' lang='lat' dir='ltr'>clun</span> <span class='ocrx_word' id='word_1_97' title='bbox 1313 1626 1427 1712; x_wconf 86' lang='lat' dir='ltr'>tantis</span> <span class='ocrx_word' id='word_1_98' title='bbox 1449 1627 1577 1712; x_wconf 84' lang='lat' dir='ltr'>laudi·</span> 
     </span>
     <span class='ocr_line' id='line_1_12' title="bbox 188 1739 1583 1859; baseline -0.001 -33"><span class='ocrx_word' id='word_1_99' title='bbox 188 1743 260 1826; x_wconf 88' lang='lat' dir='ltr'>bus</span> <span class='ocrx_word' id='word_1_100' title='bbox 281 1739 566 1855; x_wconf 82' lang='lat' dir='ltr'>philosophiam</span> <span class='ocrx_word' id='word_1_101' title='bbox 588 1745 790 1848; x_wconf 72' lang='lat' dir='ltr'>extuleris,</span> <span class='ocrx_word' id='word_1_102' title='bbox 806 1745 1142 1859; x_wconf 75' lang='lat' dir='ltr'>Hortensiumque</span> <span class='ocrx_word' id='word_1_103' title='bbox 1159 1743 1334 1827; x_wconf 88' lang='lat' dir='ltr'>nostrum</span> <span class='ocrx_word' id='word_1_104' title='bbox 1350 1740 1583 1827; x_wconf 76' lang='lat' dir='ltr'>dissentien..</span> 
     </span>
     <span class='ocr_line' id='line_1_13' title="bbox 188 1855 1580 1972; baseline 0.001 -32"><span class='ocrx_word' id='word_1_105' title='bbox 188 1879 268 1940; x_wconf 91' lang='lat' dir='ltr'>tem</span> <span class='ocrx_word' id='word_1_106' title='bbox 296 1864 587 1962; x_wconf 86' lang='lat' dir='ltr'>commoveris,</span> <span class='ocrx_word' id='word_1_107' title='bbox 615 1885 702 1944; x_wconf 87' lang='lat' dir='ltr'>eam</span> <span class='ocrx_word' id='word_1_108' title='bbox 727 1857 1012 1972; x_wconf 79' lang='lat' dir='ltr'>philosophiam</span> <span class='ocrx_word' id='word_1_109' title='bbox 1033 1857 1215 1972; x_wconf 52' lang='lat' dir='ltr'>sequere,</span> <span class='ocrx_word' id='word_1_110' title='bbox 1253 1885 1341 1970; x_wconf 82' lang='lat' dir='ltr'>qnae</span> <span class='ocrx_word' id='word_1_111' title='bbox 1365 1855 1580 1942; x_wconf 86' lang='lat' dir='ltr'>confundit</span> 
     </span>
     <span class='ocr_line' id='line_1_14' title="bbox 187 1969 1574 2087; baseline -0.001 -33"><span class='ocrx_word' id='word_1_112' title='bbox 187 1997 276 2054; x_wconf 90' lang='lat' dir='ltr'>vera</span> <span class='ocrx_word' id='word_1_113' title='bbox 290 1999 383 2056; x_wconf 88' lang='lat' dir='ltr'>cum</span> <span class='ocrx_word' id='word_1_114' title='bbox 399 1969 512 2075; x_wconf 82' lang='lat' dir='ltr'>salsis,</span> <span class='ocrx_word' id='word_1_115' title='bbox 534 1973 667 2084; x_wconf 90' lang='lat' dir='ltr'>spoliat</span> <span class='ocrx_word' id='word_1_116' title='bbox 687 2003 760 2058; x_wconf 89' lang='lat' dir='ltr'>nos</span> <span class='ocrx_word' id='word_1_117' title='bbox 773 1974 943 2087; x_wconf 78' lang='lat' dir='ltr'>judicio,</span> <span class='ocrx_word' id='word_1_118' title='bbox 966 1977 1092 2086; x_wconf 87' lang='lat' dir='ltr'>privat</span> <span class='ocrx_word' id='word_1_119' title='bbox 1114 1969 1425 2082; x_wconf 85' lang='lat' dir='ltr'>approbatione,</span> <span class='ocrx_word' id='word_1_120' title='bbox 1440 1971 1574 2056; x_wconf 92' lang='lat' dir='ltr'>omni-</span> 
     </span>
     <span class='ocr_line' id='line_1_15' title="bbox 188 2080 1580 2200; baseline 0.004 -36"><span class='ocrx_word' id='word_1_121' title='bbox 188 2080 259 2168; x_wconf 91' lang='lat' dir='ltr'>bus</span> <span class='ocrx_word' id='word_1_122' title='bbox 285 2082 398 2171; x_wconf 91' lang='lat' dir='ltr'>orbat</span> <span class='ocrx_word' id='word_1_123' title='bbox 422 2083 586 2172; x_wconf 79' lang='lat' dir='ltr'>sensibus</span> <span class='ocrx_word' id='word_1_124' title='bbox 609 2097 622 2176; x_wconf 77' lang='grc' dir='ltr'><strong><em>ἓ</em></strong></span> <span class='ocrx_word' id='word_1_125' title='bbox 647 2092 693 2174; x_wconf 88' lang='lat' dir='ltr'>Et</span> <span class='ocrx_word' id='word_1_126' title='bbox 715 2086 934 2173; x_wconf 90' lang='lat' dir='ltr'>Cimmeriis</span> <span class='ocrx_word' id='word_1_127' title='bbox 951 2085 1172 2200; x_wconf 78' lang='lat' dir='ltr'>⁵6quidem,</span> <span class='ocrx_word' id='word_1_128' title='bbox 1189 2081 1333 2197; x_wconf 91' lang='lat' dir='ltr'>quibus</span> <span class='ocrx_word' id='word_1_129' title='bbox 1352 2083 1580 2197; x_wconf 69' lang='lat' dir='ltr'>adspestum</span> 
     </span>
     <span class='ocr_line' id='line_1_16' title="bbox 188 2196 1580 2313; baseline 0.001 -32"><span class='ocrx_word' id='word_1_130' title='bbox 188 2196 271 2281; x_wconf 88' lang='lat' dir='ltr'>solis</span> <span class='ocrx_word' id='word_1_131' title='bbox 285 2199 362 2281; x_wconf 87' lang='lat' dir='ltr'>five</span> <span class='ocrx_word' id='word_1_132' title='bbox 381 2198 478 2284; x_wconf 90' lang='lat' dir='ltr'>deus</span> <span class='ocrx_word' id='word_1_133' title='bbox 492 2199 650 2313; x_wconf 91' lang='lat' dir='ltr'>aliquis,</span> <span class='ocrx_word' id='word_1_134' title='bbox 672 2203 748 2287; x_wconf 91' lang='lat' dir='ltr'>sive</span> <span class='ocrx_word' id='word_1_135' title='bbox 766 2225 899 2287; x_wconf 89' lang='lat' dir='ltr'>natura</span> <span class='ocrx_word' id='word_1_136' title='bbox 914 2198 1132 2304; x_wconf 89' lang='lat' dir='ltr'>ademerat,</span> <span class='ocrx_word' id='word_1_137' title='bbox 1145 2201 1223 2282; x_wconf 90' lang='lat' dir='ltr'>sive</span> <span class='ocrx_word' id='word_1_138' title='bbox 1243 2198 1323 2304; x_wconf 78' lang='lat' dir='ltr'>eius</span> <span class='ocrx_word' id='word_1_139' title='bbox 1343 2198 1442 2302; x_wconf 90' lang='lat' dir='ltr'>loci,</span> <span class='ocrx_word' id='word_1_140' title='bbox 1456 2227 1580 2313; x_wconf 88' lang='lat' dir='ltr'>quein</span> 
     </span>
     <span class='ocr_line' id='line_1_17' title="bbox 189 2309 1621 2441; baseline 0.006 -49"><span class='ocrx_word' id='word_1_141' title='bbox 189 2310 433 2417; x_wconf 81' lang='lat' dir='ltr'>incolebant,</span> <span class='ocrx_word' id='word_1_142' title='bbox 454 2315 567 2417; x_wconf 90' lang='lat' dir='ltr'>situs,</span> <span class='ocrx_word' id='word_1_143' title='bbox 591 2318 699 2427; x_wconf 82' lang='lat' dir='ltr'>ignes</span> <span class='ocrx_word' id='word_1_144' title='bbox 722 2339 852 2400; x_wconf 88' lang='lat' dir='ltr'>tamen</span> <span class='ocrx_word' id='word_1_145' title='bbox 875 2314 1055 2417; x_wconf 87' lang='lat' dir='ltr'>aderant,</span> <span class='ocrx_word' id='word_1_146' title='bbox 1079 2341 1252 2441; x_wconf 87' lang='lat' dir='ltr'>quorum</span> <span class='ocrx_word' id='word_1_147' title='bbox 1273 2311 1340 2397; x_wconf 88' lang='lat' dir='ltr'>illis</span> <span class='ocrx_word' id='word_1_148' title='bbox 1354 2310 1412 2396; x_wconf 90' lang='lat' dir='ltr'>uti</span> <span class='ocrx_word' id='word_1_149' title='bbox 1433 2309 1582 2399; x_wconf 84' lang='lat' dir='ltr'>lumine</span> <span class='ocrx_word' id='word_1_150' title='bbox 1617 2394 1621 2401; x_wconf 86' lang='lat'>.</span> 
     </span>
     <span class='ocr_line' id='line_1_18' title="bbox 189 2422 1580 2543; baseline 0.001 -35"><span class='ocrx_word' id='word_1_151' title='bbox 189 2423 336 2538; x_wconf 84' lang='lat' dir='ltr'>licebat.</span> <span class='ocrx_word' id='word_1_152' title='bbox 366 2427 425 2512; x_wconf 86' lang='lat' dir='ltr'>lsti</span> <span class='ocrx_word' id='word_1_153' title='bbox 448 2450 576 2512; x_wconf 87' lang='lat' dir='ltr'>autem</span> <span class='ocrx_word' id='word_1_154' title='bbox 588 2492 602 2532; x_wconf 95' lang='lat'>,</span> <span class='ocrx_word' id='word_1_155' title='bbox 624 2457 727 2542; x_wconf 92' lang='lat' dir='ltr'>quos</span> <span class='ocrx_word' id='word_1_156' title='bbox 750 2449 793 2513; x_wconf 91' lang='lat' dir='ltr'>tu</span> <span class='ocrx_word' id='word_1_157' title='bbox 822 2429 994 2543; x_wconf 90' lang='lat' dir='ltr'>probas,</span> <span class='ocrx_word' id='word_1_158' title='bbox 1018 2448 1131 2513; x_wconf 90' lang='lat' dir='ltr'>tantis</span> <span class='ocrx_word' id='word_1_159' title='bbox 1154 2427 1287 2512; x_wconf 83' lang='lat' dir='ltr'>offusis</span> <span class='ocrx_word' id='word_1_160' title='bbox 1313 2422 1500 2530; x_wconf 87' lang='lat' dir='ltr'>tenebris,</span> <span class='ocrx_word' id='word_1_161' title='bbox 1527 2453 1580 2510; x_wconf 90' lang='lat' dir='ltr'>ne</span> 
     </span>
     <span class='ocr_line' id='line_1_19' title="bbox 190 2537 1582 2658; baseline 0 -34"><span class='ocrx_word' id='word_1_162' title='bbox 190 2537 381 2626; x_wconf 87' lang='lat' dir='ltr'>scintillam</span> <span class='ocrx_word' id='word_1_163' title='bbox 395 2540 556 2652; x_wconf 89' lang='lat' dir='ltr'>quidem</span> <span class='ocrx_word' id='word_1_164' title='bbox 572 2541 685 2626; x_wconf 86' lang='lat' dir='ltr'>ullam</span> <span class='ocrx_word' id='word_1_165' title='bbox 698 2541 813 2627; x_wconf 91' lang='lat' dir='ltr'>nobis</span> <span class='ocrx_word' id='word_1_166' title='bbox 835 2543 886 2627; x_wconf 89' lang='lat' dir='ltr'>ad</span> <span class='ocrx_word' id='word_1_167' title='bbox 898 2542 1187 2655; x_wconf 86' lang='lat' dir='ltr'>adspiciendum</span> <span class='ocrx_word' id='word_1_168' title='bbox 1201 2539 1446 2651; x_wconf 83' lang='lat' dir='ltr'>reliquerunt</span> <span class='ocrx_word' id='word_1_169' title='bbox 1460 2547 1582 2658; x_wconf 83' lang='lat' dir='ltr'>Qtos</span> 
     </span>
     <span class='ocr_line' id='line_1_20' title="bbox 190 2653 1651 2765; baseline -0.001 -27"><span class='ocrx_word' id='word_1_170' title='bbox 190 2657 216 2738; x_wconf 90' lang='lat' dir='ltr'>si</span> <span class='ocrx_word' id='word_1_171' title='bbox 243 2654 473 2765; x_wconf 89' lang='lat' dir='ltr'>sequamur,</span> <span class='ocrx_word' id='word_1_172' title='bbox 499 2658 542 2738; x_wconf 91' lang='lat' dir='ltr'>iis</span> <span class='ocrx_word' id='word_1_173' title='bbox 565 2653 725 2740; x_wconf 90' lang='lat' dir='ltr'>vinculis</span> <span class='ocrx_word' id='word_1_174' title='bbox 748 2659 863 2741; x_wconf 88' lang='lat' dir='ltr'>simus</span> <span class='ocrx_word' id='word_1_175' title='bbox 878 2656 1043 2742; x_wconf 72' lang='lat' dir='ltr'>adstricti</span> <span class='ocrx_word' id='word_1_176' title='bbox 1055 2717 1069 2756; x_wconf 95' lang='lat'>,</span> <span class='ocrx_word' id='word_1_177' title='bbox 1089 2677 1134 2740; x_wconf 93' lang='lat' dir='ltr'>ut</span> <span class='ocrx_word' id='word_1_178' title='bbox 1148 2683 1221 2740; x_wconf 88' lang='lat' dir='ltr'>rios</span> <span class='ocrx_word' id='word_1_179' title='bbox 1239 2679 1492 2739; x_wconf 89' lang='lat' dir='ltr'>commovere</span> <span class='ocrx_word' id='word_1_180' title='bbox 1505 2679 1580 2736; x_wconf 87' lang='lat' dir='ltr'>ne·</span> <span class='ocrx_word' id='word_1_181' title='bbox 1647 2700 1651 2708; x_wconf 88' lang='lat'>·</span> 
     </span>
     <span class='ocr_line' id='line_1_21' title="bbox 192 2765 1581 2879; baseline -0.002 -26"><span class='ocrx_word' id='word_1_182' title='bbox 192 2795 402 2879; x_wconf 84' lang='lat' dir='ltr'>queamus:</span> <span class='ocrx_word' id='word_1_183' title='bbox 428 2765 570 2853; x_wconf 88' lang='lat' dir='ltr'>sublata</span> <span class='ocrx_word' id='word_1_184' title='bbox 592 2775 696 2854; x_wconf 90' lang='lat' dir='ltr'>enim</span> <span class='ocrx_word' id='word_1_185' title='bbox 711 2771 919 2856; x_wconf 82' lang='lat' dir='ltr'>assensione</span> <span class='ocrx_word' id='word_1_186' title='bbox 941 2798 1104 2855; x_wconf 90' lang='lat' dir='ltr'>omnem</span> <span class='ocrx_word' id='word_1_187' title='bbox 1120 2769 1159 2852; x_wconf 79' lang='lat' dir='ltr'>br</span> <span class='ocrx_word' id='word_1_188' title='bbox 1174 2790 1330 2852; x_wconf 91' lang='lat' dir='ltr'>motum</span> <span class='ocrx_word' id='word_1_189' title='bbox 1340 2766 1581 2868; x_wconf 76' lang='lat' dir='ltr'>animorum,</span> 
     </span>
     <span class='ocr_line' id='line_1_22' title="bbox 192 2879 1611 2999; baseline -0.002 -33"><span class='ocrx_word' id='word_1_190' title='bbox 192 2883 227 2966; x_wconf 88' lang='lat'>&amp;</span> <span class='ocrx_word' id='word_1_191' title='bbox 245 2886 441 2967; x_wconf 79' lang='lat' dir='ltr'>aaronem</span> <span class='ocrx_word' id='word_1_192' title='bbox 462 2909 590 2968; x_wconf 91' lang='lat' dir='ltr'>rerum</span> <span class='ocrx_word' id='word_1_193' title='bbox 614 2883 860 2970; x_wconf 88' lang='lat' dir='ltr'>sustulerunt:</span> <span class='ocrx_word' id='word_1_194' title='bbox 892 2882 1005 2999; x_wconf 92' lang='lat' dir='ltr'>quod</span> <span class='ocrx_word' id='word_1_195' title='bbox 1026 2913 1109 2968; x_wconf 89' lang='lat' dir='ltr'>non</span> <span class='ocrx_word' id='word_1_196' title='bbox 1130 2879 1256 2967; x_wconf 90' lang='lat' dir='ltr'>modb</span> <span class='ocrx_word' id='word_1_197' title='bbox 1270 2883 1371 2966; x_wconf 66' lang='lat' dir='ltr'>redi</span> <span class='ocrx_word' id='word_1_198' title='bbox 1395 2879 1498 2984; x_wconf 84' lang='lat' dir='ltr'>sieri,</span> <span class='ocrx_word' id='word_1_199' title='bbox 1513 2880 1580 2964; x_wconf 89' lang='lat' dir='ltr'>sed</span> <span class='ocrx_word' id='word_1_200' title='bbox 1607 2981 1611 2990; x_wconf 28' lang='grc' dir='ltr'>Ι</span> 
     </span>
     <span class='ocr_line' id='line_1_23' title="bbox 190 2993 1583 3108; baseline 0 -30"><span class='ocrx_word' id='word_1_201' title='bbox 190 2999 354 3081; x_wconf 90' lang='lat' dir='ltr'>omnino</span> <span class='ocrx_word' id='word_1_202' title='bbox 377 2995 460 3079; x_wconf 87' lang='lat' dir='ltr'>fieri</span> <span class='ocrx_word' id='word_1_203' title='bbox 476 3026 559 3081; x_wconf 90' lang='lat' dir='ltr'>non</span> <span class='ocrx_word' id='word_1_204' title='bbox 577 2998 714 3108; x_wconf 88' lang='lat' dir='ltr'>potest.</span> <span class='ocrx_word' id='word_1_205' title='bbox 745 2995 915 3085; x_wconf 89' lang='lat' dir='ltr'>Provide</span> <span class='ocrx_word' id='word_1_206' title='bbox 945 3000 1086 3100; x_wconf 88' lang='lat' dir='ltr'>etiam,</span> <span class='ocrx_word' id='word_1_207' title='bbox 1109 3023 1158 3079; x_wconf 90' lang='lat' dir='ltr'>ne</span> <span class='ocrx_word' id='word_1_208' title='bbox 1175 2998 1244 3080; x_wconf 93' lang='lat' dir='ltr'>uni</span> <span class='ocrx_word' id='word_1_209' title='bbox 1271 2993 1342 3078; x_wconf 89' lang='lat' dir='ltr'>tibi</span> <span class='ocrx_word' id='word_1_210' title='bbox 1364 2994 1473 3080; x_wconf 86' lang='lat' dir='ltr'>istam</span> <span class='ocrx_word' id='word_1_211' title='bbox 1495 2995 1583 3078; x_wconf 61' lang='lat' dir='ltr'>sena</span> 
     </span>
     <span class='ocr_line' id='line_1_24' title="bbox 191 3108 1577 3214; baseline -0.001 -21"><span class='ocrx_word' id='word_1_212' title='bbox 191 3110 350 3197; x_wconf 86' lang='lat' dir='ltr'>tentiam</span> <span class='ocrx_word' id='word_1_213' title='bbox 368 3111 526 3195; x_wconf 75' lang='lat' dir='ltr'>minime</span> <span class='ocrx_word' id='word_1_214' title='bbox 546 3110 655 3197; x_wconf 88' lang='lat' dir='ltr'>liceat</span> <span class='ocrx_word' id='word_1_215' title='bbox 674 3110 893 3196; x_wconf 83' lang='lat' dir='ltr'>defendere.</span> <span class='ocrx_word' id='word_1_216' title='bbox 922 3117 984 3196; x_wconf 85' lang='lat' dir='ltr'>An</span> <span class='ocrx_word' id='word_1_217' title='bbox 1010 3135 1076 3214; x_wconf 89' lang='lat' dir='ltr'>tu,</span> <span class='ocrx_word' id='word_1_218' title='bbox 1102 3114 1195 3194; x_wconf 82' lang='lat' dir='ltr'>cirin</span> <span class='ocrx_word' id='word_1_219' title='bbox 1217 3135 1274 3192; x_wconf 89' lang='lat' dir='ltr'>res</span> <span class='ocrx_word' id='word_1_220' title='bbox 1305 3108 1577 3194; x_wconf 85' lang='lat' dir='ltr'>occultissimas</span> 
     </span>
     <span class='ocr_line' id='line_1_25' title="bbox 191 3222 1581 3340; baseline -0.001 -33"><span class='ocrx_word' id='word_1_221' title='bbox 191 3228 403 3334; x_wconf 88' lang='lat' dir='ltr'>aperueris,</span> <span class='ocrx_word' id='word_1_222' title='bbox 432 3231 472 3310; x_wconf 90' lang='lat' dir='ltr'>in</span> <span class='ocrx_word' id='word_1_223' title='bbox 493 3223 700 3338; x_wconf 67' lang='lat' dir='ltr'>lucsmque</span> <span class='ocrx_word' id='word_1_224' title='bbox 719 3225 949 3340; x_wconf 85' lang='lat' dir='ltr'>protuleris,</span> <span class='ocrx_word' id='word_1_225' title='bbox 972 3225 1192 3336; x_wconf 69' lang='lat' dir='ltr'>iuratusque</span> <span class='ocrx_word' id='word_1_226' title='bbox 1211 3222 1376 3325; x_wconf 82' lang='lat' dir='ltr'>dixeris,</span> <span class='ocrx_word' id='word_1_227' title='bbox 1407 3249 1451 3306; x_wconf 90' lang='lat' dir='ltr'>ea</span> <span class='ocrx_word' id='word_1_228' title='bbox 1484 3222 1517 3267; x_wconf 81' lang='lat'>⁵⁷</span> <span class='ocrx_word' id='word_1_229' title='bbox 1540 3246 1581 3306; x_wconf 88' lang='lat' dir='ltr'>te</span> 
     </span>
     <span class='ocr_line' id='line_1_26' title="bbox 193 3335 1584 3454; baseline -0.006 -30"><span class='ocrx_word' id='word_1_230' title='bbox 193 3337 439 3451; x_wconf 85' lang='lat' dir='ltr'>comperisse:</span> <span class='ocrx_word' id='word_1_231' title='bbox 465 3337 578 3451; x_wconf 94' lang='lat' dir='ltr'>quod</span> <span class='ocrx_word' id='word_1_232' title='bbox 598 3343 693 3424; x_wconf 89' lang='lat' dir='ltr'>mihi</span> <span class='ocrx_word' id='word_1_233' title='bbox 729 3368 892 3454; x_wconf 92' lang='lat' dir='ltr'>quoque</span> <span class='ocrx_word' id='word_1_234' title='bbox 911 3338 1074 3441; x_wconf 88' lang='lat' dir='ltr'>licebat,</span> <span class='ocrx_word' id='word_1_235' title='bbox 1108 3341 1178 3451; x_wconf 92' lang='lat' dir='ltr'>qui</span> <span class='ocrx_word' id='word_1_236' title='bbox 1203 3363 1251 3418; x_wconf 86' lang='lat' dir='ltr'>ex</span> <span class='ocrx_word' id='word_1_237' title='bbox 1276 3355 1314 3416; x_wconf 93' lang='lat' dir='ltr'>te</span> <span class='ocrx_word' id='word_1_238' title='bbox 1338 3335 1397 3419; x_wconf 91' lang='lat' dir='ltr'>illa</span> <span class='ocrx_word' id='word_1_239' title='bbox 1423 3365 1584 3448; x_wconf 61' lang='lat' dir='ltr'>cogno«</span> 
     </span>
     <span class='ocr_line' id='line_1_27' title="bbox 192 3447 1586 3566; baseline -0.004 -28"><span class='ocrx_word' id='word_1_240' title='bbox 192 3480 341 3538; x_wconf 86' lang='lat' dir='ltr'>veram:</span> <span class='ocrx_word' id='word_1_241' title='bbox 365 3453 523 3565; x_wconf 85' lang='lat' dir='ltr'>negabis</span> <span class='ocrx_word' id='word_1_242' title='bbox 549 3454 625 3537; x_wconf 81' lang='lat' dir='ltr'>effe</span> <span class='ocrx_word' id='word_1_243' title='bbox 651 3451 763 3537; x_wconf 90' lang='lat' dir='ltr'>ullam</span> <span class='ocrx_word' id='word_1_244' title='bbox 784 3481 890 3556; x_wconf 88' lang='lat' dir='ltr'>rem,</span> <span class='ocrx_word' id='word_1_245' title='bbox 913 3482 999 3566; x_wconf 84' lang='lat' dir='ltr'>quae</span> <span class='ocrx_word' id='word_1_246' title='bbox 1025 3449 1240 3563; x_wconf 82' lang='lat' dir='ltr'>cognosci,</span> <span class='ocrx_word' id='word_1_247' title='bbox 1266 3447 1586 3562; x_wconf 83' lang='lat' dir='ltr'>comprehendi,</span> 
     </span>
     <span class='ocr_line' id='line_1_28' title="bbox 191 3561 1585 3679; baseline -0.001 -30"><span class='ocrx_word' id='word_1_248' title='bbox 191 3570 337 3679; x_wconf 88' lang='lat' dir='ltr'>percipi</span> <span class='ocrx_word' id='word_1_249' title='bbox 351 3569 487 3678; x_wconf 81' lang='lat' dir='ltr'>possit?</span> <span class='ocrx_word' id='word_1_250' title='bbox 517 3566 640 3672; x_wconf 93' lang='lat' dir='ltr'>Vide,</span> <span class='ocrx_word' id='word_1_251' title='bbox 660 3565 816 3678; x_wconf 80' lang='lat' dir='ltr'>quaeso,</span> <span class='ocrx_word' id='word_1_252' title='bbox 837 3571 950 3650; x_wconf 87' lang='lat' dir='ltr'>etiam</span> <span class='ocrx_word' id='word_1_253' title='bbox 962 3587 1081 3677; x_wconf 88' lang='lat' dir='ltr'>atque</span> <span class='ocrx_word' id='word_1_254' title='bbox 1100 3568 1235 3665; x_wconf 88' lang='lat' dir='ltr'>etiam,</span> <span class='ocrx_word' id='word_1_255' title='bbox 1250 3591 1299 3645; x_wconf 90' lang='lat' dir='ltr'>rie</span> <span class='ocrx_word' id='word_1_256' title='bbox 1311 3561 1457 3648; x_wconf 89' lang='lat' dir='ltr'>illarum</span> <span class='ocrx_word' id='word_1_257' title='bbox 1473 3591 1585 3677; x_wconf 87' lang='lat' dir='ltr'>quo-</span> 
     </span>
     <span class='ocr_line' id='line_1_29' title="bbox 193 3678 1463 3793; baseline -0.002 -29"><span class='ocrx_word' id='word_1_258' title='bbox 193 3710 271 3793; x_wconf 86' lang='lat' dir='ltr'>que</span> <span class='ocrx_word' id='word_1_259' title='bbox 292 3707 424 3764; x_wconf 83' lang='lat' dir='ltr'>rerum</span> <span class='ocrx_word' id='word_1_260' title='bbox 451 3679 793 3792; x_wconf 87' lang='lat' dir='ltr'>pulcherrimarum</span> <span class='ocrx_word' id='word_1_261' title='bbox 813 3683 835 3765; x_wconf 76' lang='lat' dir='ltr'>a</span> <span class='ocrx_word' id='word_1_262' title='bbox 856 3681 993 3790; x_wconf 85' lang='lat' dir='ltr'>teipso</span> <span class='ocrx_word' id='word_1_263' title='bbox 1019 3685 1215 3766; x_wconf 90' lang='lat' dir='ltr'>minuatur</span> <span class='ocrx_word' id='word_1_264' title='bbox 1244 3678 1463 3763; x_wconf 70' lang='lat' dir='ltr'>auctoritas.</span> 
     </span>
    </p>

    <p class='ocr_par' dir='ltr' id='par_1_4' title="bbox 193 3791 1584 4023">
     <span class='ocr_line' id='line_1_30' title="bbox 247 3791 1584 3920; baseline -0.011 -39"><span class='ocrx_word' id='word_1_265' title='bbox 247 3803 348 3920; x_wconf 78' lang='lat' dir='ltr'>Qiae</span> <span class='ocrx_word' id='word_1_266' title='bbox 371 3791 463 3878; x_wconf 83' lang='lat' dir='ltr'>clim</span> <span class='ocrx_word' id='word_1_267' title='bbox 484 3794 634 3881; x_wconf 67' lang='lat' dir='ltr'>dixisset</span> <span class='ocrx_word' id='word_1_268' title='bbox 655 3793 738 3899; x_wconf 91' lang='lat' dir='ltr'>ille,</span> <span class='ocrx_word' id='word_1_269' title='bbox 765 3799 885 3878; x_wconf 84' lang='lat' dir='ltr'>finem</span> <span class='ocrx_word' id='word_1_270' title='bbox 913 3796 1013 3878; x_wconf 86' lang='lat' dir='ltr'>fecit.</span> <span class='ocrx_word' id='word_1_271' title='bbox 1043 3792 1272 3879; x_wconf 87' lang='lat' dir='ltr'>Hortensius</span> <span class='ocrx_word' id='word_1_272' title='bbox 1296 3819 1428 3878; x_wconf 89' lang='lat' dir='ltr'>autem</span> <span class='ocrx_word' id='word_1_273' title='bbox 1458 3791 1584 3876; x_wconf 74' lang='lat' dir='ltr'>vehe.</span> 
     </span>
     <span class='ocr_line' id='line_1_31' title="bbox 193 3903 1584 4023; baseline -0.006 -31"><span class='ocrx_word' id='word_1_274' title='bbox 193 3936 337 3995; x_wconf 89' lang='lat' dir='ltr'>menter</span> <span class='ocrx_word' id='word_1_275' title='bbox 358 3907 575 4014; x_wconf 85' lang='lat' dir='ltr'>admirans,</span> <span class='ocrx_word' id='word_1_276' title='bbox 604 3907 716 4023; x_wconf 92' lang='lat' dir='ltr'>quod</span> <span class='ocrx_word' id='word_1_277' title='bbox 739 3907 900 4021; x_wconf 88' lang='lat' dir='ltr'>quidem</span> <span class='ocrx_word' id='word_1_278' title='bbox 919 3913 1111 4021; x_wconf 79' lang='lat' dir='ltr'>perpetuo</span> <span class='ocrx_word' id='word_1_279' title='bbox 1135 3903 1297 3992; x_wconf 78' lang='lat' dir='ltr'>Lucilio</span> <span class='ocrx_word' id='word_1_280' title='bbox 1322 3907 1506 4021; x_wconf 89' lang='lat' dir='ltr'>loquente</span> <span class='ocrx_word' id='word_1_281' title='bbox 1520 3903 1584 3986; x_wconf 84' lang='lat' dir='ltr'>se-</span> 
     </span>
    </p>

    <p class='ocr_par' dir='ltr' id='par_1_5' title="bbox 193 4029 1585 4702">
     <span class='ocr_line' id='line_1_32' title="bbox 937 4029 1583 4130; baseline -0.009 -23"><span class='ocrx_word' id='word_1_282' title='bbox 937 4029 965 4107; x_wconf 80' lang='grc' dir='ltr'>Ε</span> <span class='ocrx_word' id='word_1_283' title='bbox 1007 4055 1024 4130; x_wconf 86' lang='lat'>3</span> <span class='ocrx_word' id='word_1_284' title='bbox 1448 4039 1550 4103; x_wconf 87' lang='lat' dir='ltr'>cerat</span> <span class='ocrx_word' id='word_1_285' title='bbox 1562 4076 1583 4120; x_wconf 82' lang='lat'>,.</span> 
     </span>
     <span class='ocr_line' id='line_1_33' title="bbox 199 4283 1582 4365; baseline -0.003 -17"><span class='ocrx_word' id='word_1_286' title='bbox 199 4291 237 4348; x_wconf 83' lang='lat' dir='ltr'>rt.</span> <span class='ocrx_word' id='word_1_287' title='bbox 261 4311 318 4352; x_wconf 77' lang='lat' dir='ltr'>ean.</span> <span class='ocrx_word' id='word_1_288' title='bbox 345 4313 389 4362; x_wconf 80' lang='lat'>¹³·</span> <span class='ocrx_word' id='word_1_289' title='bbox 429 4294 561 4351; x_wconf 76' lang='lat' dir='ltr'>Attamen</span> <span class='ocrx_word' id='word_1_290' title='bbox 588 4292 746 4350; x_wconf 45' lang='lat' dir='ltr'>Carneades</span> <span class='ocrx_word' id='word_1_291' title='bbox 776 4283 861 4347; x_wconf 57' lang='lat' dir='ltr'>zaim</span> <span class='ocrx_word' id='word_1_292' title='bbox 895 4289 954 4365; x_wconf 70' lang='lat' dir='ltr'>solis</span> <span class='ocrx_word' id='word_1_293' title='bbox 977 4292 1054 4359; x_wconf 74' lang='lat' dir='ltr'>dcc]</span> <span class='ocrx_word' id='word_1_294' title='bbox 1088 4287 1136 4344; x_wconf 84' lang='lat' dir='ltr'>Est</span> <span class='ocrx_word' id='word_1_295' title='bbox 1155 4287 1190 4345; x_wconf 86' lang='lat' dir='ltr'>ab</span> <span class='ocrx_word' id='word_1_296' title='bbox 1211 4287 1338 4346; x_wconf 84' lang='lat' dir='ltr'>Homero</span> <span class='ocrx_word' id='word_1_297' title='bbox 1363 4285 1454 4364; x_wconf 80' lang='lat' dir='ltr'>Odys.</span> <span class='ocrx_word' id='word_1_298' title='bbox 1476 4301 1512 4358; x_wconf 74' lang='grc' dir='ltr'>Λ.</span> <span class='ocrx_word' id='word_1_299' title='bbox 1529 4305 1582 4359; x_wconf 60' lang='lat' dir='ltr'>ip</span> 
     </span>
     <span class='ocr_line' id='line_1_34' title="bbox 197 4364 1576 4448; baseline -0.004 -19"><span class='ocrx_word' id='word_1_300' title='bbox 197 4370 261 4430; x_wconf 67' lang='grc' dir='ltr'>ὑπὸ</span> <span class='ocrx_word' id='word_1_301' title='bbox 280 4374 392 4436; x_wconf 60' lang='grc' dir='ltr'>Σιωπῇ</span> <span class='ocrx_word' id='word_1_302' title='bbox 415 4373 571 4448; x_wconf 64' lang='lat' dir='ltr'>praeveniar</span> <span class='ocrx_word' id='word_1_303' title='bbox 595 4371 629 4434; x_wconf 65' lang='grc' dir='ltr'>εἰς</span> <span class='ocrx_word' id='word_1_304' title='bbox 654 4371 802 4446; x_wconf 51' lang='lat' dir='ltr'>ripaticis</span> <span class='ocrx_word' id='word_1_305' title='bbox 820 4399 864 4429; x_wconf 81' lang='lat' dir='ltr'>w·</span> <span class='ocrx_word' id='word_1_306' title='bbox 904 4371 976 4432; x_wconf 85' lang='lat' dir='ltr'>Hinc</span> <span class='ocrx_word' id='word_1_307' title='bbox 994 4373 1022 4431; x_wconf 89' lang='lat' dir='ltr'>iii</span> <span class='ocrx_word' id='word_1_308' title='bbox 1038 4367 1187 4448; x_wconf 83' lang='lat' dir='ltr'>proverbio</span> <span class='ocrx_word' id='word_1_309' title='bbox 1209 4364 1487 4425; x_wconf 78' lang='lat' dir='ltr'>ferunerimmeriae</span> <span class='ocrx_word' id='word_1_310' title='bbox 1506 4385 1576 4425; x_wconf 82' lang='lat' dir='ltr'>tene-</span> 
     </span>
     <span class='ocr_line' id='line_1_35' title="bbox 194 4444 1581 4563; baseline -0.001 -53"><span class='ocrx_word' id='word_1_311' title='bbox 194 4457 263 4519; x_wconf 71' lang='lat' dir='ltr'>nu&#39;i,</span> <span class='ocrx_word' id='word_1_312' title='bbox 292 4459 353 4550; x_wconf 48' lang='lat' dir='ltr'>uqi}</span> <span class='ocrx_word' id='word_1_313' title='bbox 372 4479 398 4528; x_wconf 68' lang='grc' dir='ltr'><strong><em>μ</em></strong></span> <span class='ocrx_word' id='word_1_314' title='bbox 417 4452 577 4562; x_wconf 31' lang='grc' dir='ltr'>τῖςκὶκὶυτΙέ</span> <span class='ocrx_word' id='word_1_315' title='bbox 589 4448 740 4563; x_wconf 54' lang='lat' dir='ltr'>³²⁶‘lfi⁸‘‚l&#39;&#39;</span> <span class='ocrx_word' id='word_1_316' title='bbox 763 4450 865 4556; x_wconf 54' lang='lat' dir='ltr'>&amp;plis—</span> <span class='ocrx_word' id='word_1_317' title='bbox 905 4455 954 4512; x_wconf 72' lang='lat' dir='ltr'>lr‘ae</span> <span class='ocrx_word' id='word_1_318' title='bbox 974 4477 983 4518; x_wconf 82' lang='lat'>‚¹</span> <span class='ocrx_word' id='word_1_319' title='bbox 1003 4455 1044 4513; x_wconf 70' lang='lat' dir='ltr'>de&#39;</span> <span class='ocrx_word' id='word_1_320' title='bbox 1057 4448 1158 4529; x_wconf 62' lang='lat' dir='ltr'>quibus</span> <span class='ocrx_word' id='word_1_321' title='bbox 1168 4444 1309 4508; x_wconf 66' lang='lat' dir='ltr'>VldeDess</span> <span class='ocrx_word' id='word_1_322' title='bbox 1322 4445 1472 4508; x_wconf 77' lang='lat' dir='ltr'>Etasntum</span> <span class='ocrx_word' id='word_1_323' title='bbox 1488 4446 1520 4508; x_wconf 80' lang='lat' dir='ltr'>ln</span> <span class='ocrx_word' id='word_1_324' title='bbox 1537 4449 1581 4508; x_wconf 72' lang='lat' dir='ltr'>dr</span> 
     </span>
     <span class='ocr_line' id='line_1_36' title="bbox 193 4537 1585 4702; baseline -0.002 -27"><span class='ocrx_word' id='word_1_325' title='bbox 193 4549 390 4696; x_wconf 34' lang='lat' dir='ltr'>Salvam:</span> <span class='ocrx_word' id='word_1_326' title='bbox 406 4541 663 4702; x_wconf 45' lang='grc' dir='ltr'><strong>’11111111ῗὲ1ᾘέ</strong></span> <span class='ocrx_word' id='word_1_327' title='bbox 672 4553 864 4680; x_wconf 52' lang='lat' dir='ltr'>iilldllgllllui</span> <span class='ocrx_word' id='word_1_328' title='bbox 903 4537 1093 4685; x_wconf 44' lang='lat' dir='ltr'>dagrhllliiliie</span> <span class='ocrx_word' id='word_1_329' title='bbox 1108 4604 1264 4702; x_wconf 65' lang='lat' dir='ltr'>corriperiffis]</span> <span class='ocrx_word' id='word_1_330' title='bbox 1281 4607 1499 4686; x_wconf 78' lang='lat' dir='ltr'>Tacomperilse</span> <span class='ocrx_word' id='word_1_331' title='bbox 1510 4625 1585 4681; x_wconf 68' lang='lat' dir='ltr'>conr</span> 
     </span>
    </p>
   </div>
   <div class='ocr_carea' id='block_1_3' title="bbox 189 4690 1576 4869">
    <p class='ocr_par' dir='ltr' id='par_1_6' title="bbox 189 4690 1576 4869">
     <span class='ocr_line' id='line_1_37' title="bbox 191 4690 1576 4784; baseline -0.005 -22"><span class='ocrx_word' id='word_1_332' title='bbox 191 4701 352 4763; x_wconf 54' lang='lat' dir='ltr'>Ninimiu:</span> <span class='ocrx_word' id='word_1_333' title='bbox 375 4713 451 4780; x_wconf 57' lang='lat' dir='ltr'>apul</span> <span class='ocrx_word' id='word_1_334' title='bbox 475 4707 632 4764; x_wconf 58' lang='lat' dir='ltr'>Luteciam</span> <span class='ocrx_word' id='word_1_335' title='bbox 653 4703 737 4783; x_wconf 79' lang='lat' dir='ltr'>Piaep.</span> <span class='ocrx_word' id='word_1_336' title='bbox 756 4703 865 4784; x_wconf 77' lang='lat' dir='ltr'>Evang·</span> <span class='ocrx_word' id='word_1_337' title='bbox 902 4690 1285 4776; x_wconf 57' lang='lat' dir='ltr'>jurationemcaultwwns</span> <span class='ocrx_word' id='word_1_338' title='bbox 1308 4695 1452 4769; x_wconf 59' lang='lat' dir='ltr'>Lamig-</span> <span class='ocrx_word' id='word_1_339' title='bbox 1573 4739 1576 4745; x_wconf 80' lang='lat'>·</span> 
     </span>
     <span class='ocr_line' id='line_1_38' title="bbox 189 4780 611 4869; baseline 0.002 -23"><span class='ocrx_word' id='word_1_340' title='bbox 189 4780 317 4866; x_wconf 65' lang='lat' dir='ltr'>ibatis.</span> <span class='ocrx_word' id='word_1_341' title='bbox 328 4804 389 4869; x_wconf 73' lang='lat' dir='ltr'>cap</span> <span class='ocrx_word' id='word_1_342' title='bbox 404 4791 435 4844; x_wconf 74' lang='grc' dir='ltr'>ὃ,</span> <span class='ocrx_word' id='word_1_343' title='bbox 450 4789 611 4864; x_wconf 65' lang='lat' dir='ltr'>Densius,</span> 
     </span>
    </p>
   </div>
   <div class='ocr_carea' id='block_1_4' title="bbox 0 0 2147 5592">
    <p class='ocr_par' dir='ltr' id='par_1_7' title="bbox 0 0 2147 5592">
     <span class='ocr_line' id='line_1_39' title="bbox 0 0 2147 5592; baseline 0 0"><span class='ocrx_word' id='word_1_344' title='bbox 0 0 2147 5592; x_wconf 95' lang='lat' dir='ltr'> </span> 
     </span>
    </p>
   </div>
  </div>
 </body>
</html>
