4259 5592
501 412 1331 543 LIBER'QUARTua·
1523 450 1604 539 43¹

226 677 241 717 =,
280 604 388 716 Ergo
408 602 469 704 is,
500 597 597 714 quis
614 606 675 688 uis
693 599 767 702 esi,
798 601 876 716 qui
902 603 1174 698 moderatione
1201 606 1240 691 &
1265 602 1476 693 constantii
1500 610 1614 722 quie·
1627 625 1687 745 ’ἦ
1789 668 1792 675 .

222 737 286 803 tur
309 716 443 804 animo
468 715 523 799 est
540 718 602 821 ‚st
630 721 721 831 ique
740 716 820 827 ipse
848 717 1051 831 placatus,
1076 744 1120 806 ut
1140 747 1212 808 nec
1234 720 1397 807 tabescat
1418 722 1614 832 molestiis,

178 822 186 833 '
219 859 295 918 nec
314 832 510 947 frangatur
544 836 712 936 timore,
742 855 815 915 nec
837 834 1002 919 fitienter
1029 834 1129 947 quid
1152 861 1336 949 expetens
1358 836 1488 925 ardeat
1512 838 1613 926 desr·

219 944 359 1052 derio,
391 972 464 1031 nec
486 944 674 1031 alacritate
697 943 797 1030 futili
821 948 985 1059 gestiens
1007 945 1263 1063 deliquescat,
1286 953 1318 1035 is
1331 955 1403 1035 ‘est
1435 955 1612 1065 sapiens,

217 1089 341 1175 quem
395 1066 598 1164 uaritnus,
624 1066 655 1145 is
675 1062 729 1145 est
749 1061 909 1149 beatus:
929 1074 994 1153 cui
1017 1063 1112 1149 nihil
1128 1068 1386 1151 humanarum
1400 1094 1530 1153 rerum
1546 1093 1613 1157 aut

217 1175 315 1263 intol
409 1182 456 1259 'e
479 1174 532 1261 ad
547 1172 835 1261 demittendum
858 1184 1064 1282 animum,
1086 1203 1153 1265 aut
1177 1185 1293 1267 nimis
1309 1178 1466 1267 laetabile
1488 1182 1539 1269 ad
1551 1182 1613 1267 es-

217 1288 424 1377 serendum
443 1289 567 1375 videri
589 1292 728 1404 potestr
757 1291 869 1414 Quid
888 1302 994 1383 enim
1015 1292 1193 1381 videatur
1219 1301 1255 1385 ei
1279 1324 1469 1407 magnum
1494 1301 1534 1381 in
1548 1324 1611 1383 re·

217 1403 294 1493 bus
317 1408 496 1493 humanis
506 1468 520 1510 ‚
539 1410 606 1491 cui
628 1410 813 1492 aeternitas
826 1413 958 1499 omnir¹
977 1410 1178 1526 totiusque
1202 1408 1344 1497 mundi
1361 1432 1455 1497 nota
1471 1410 1514 1496 stt
1526 1442 1612 1499 ma-

80 1578 87 1583 -
248 1519 417 1611 nitudoi
439 1525 546 1607 Nam
571 1520 671 1635 quid
690 1545 757 1608 aut
781 1526 823 1607 in
843 1524 977 1613 studiis
993 1527 1198 1631 humanis,
1221 1546 1289 1615 aut
1307 1529 1349 1611 itt
1373 1548 1453 1611 tant
1469 1529 1613 1639 exigua

216 1550 518 1723 invitaremur
544 1664 735 1751 magnum
754 1636 913 1753 sapienti
937 1640 1061 1729 videri
1093 1641 1246 1753 potest,
1270 1640 1341 1759 qui
1358 1639 1504 1755 semper
1525 1646 1614 1739 atti,-

216 1779 289 1837 mo
311 1751 362 1837 stc
387 1746 581 1856 excubat,
600 1776 644 1839 ut
672 1756 709 1835 ei
731 1752 822 1839 nihil
856 1756 1115 1867 improvisum
1144 1755 1319 1843 accidere
1346 1758 1487 1867 possit,
1517 1748 1612 1841 nihil

217 1869 494 1981 inopinatum,
516 1866 611 1952 nihii
632 1871 804 1953 omnino
828 1898 983 1957 novum
993 1874 1019 1956 ‚2
1046 1878 1176 1987 Atque
1203 1870 1310 1957 idem
1332 1876 1384 1958 ita
1407 1896 1535 1971 acrem
1568 1871 1639 1977 itt⁴

216 2008 357 2067 omnes
379 2002 515 2093 partes·
537 1986 664 2067 aciem
697 1979 885 2088 intendit,
909 2008 956 2073 ut
980 1989 1130 2097 semper
1154 1986 1283 2074 videat
1308 1982 1440 2070 sedem
1469 1983 1538 2069 stbi
1564 2014 1614 2073 ac

214 2092 349 2181 ioctnn
375 2096 454 2186 snae
479 2094 652 2181 molestia
674 2119 794 2212 atque
816 2126 965 2211 angore
995 2098 1157 2187 vivendi
1178 2128 1193 2200 ς
1234 2122 1279 2187 ut
1316 2125 1616 2215 quemcunque

214 2209 348 2295 tasum
375 2209 533 2295 fortuna
552 2213 742 2304 invexerit
754 2272 768 2314 ,
789 2214 898 2297 hunc
927 2212 1019 2326 apte
1045 2214 1086 2299 &
1111 2211 1243 2326 quiete
1256 2213 1361 2301 fetat
1392 2211 1523 2339 Qod
1540 2218 1610 2323 qui

212 2320 329 2415 faciet
343 2363 365 2429 ‚·
385 2351 471 2409 non
493 2322 722 2439 aegritudine
742 2321 868 2411 snsitm
892 2329 1072 2431 vacabit,
1097 2326 1162 2415 sed
1201 2333 1316 2417 etiam
1349 2327 1619 2443 perturbatio-

212 2434 333 2523 nibus
354 2437 509 2549 reiiquis
530 2438 728 2527 omnibus.
756 2444 829 2525 His
847 2463 981 2527 autem
994 2470 1143 2529 vacuus
1167 2441 1319 2529 animus
1346 2442 1516 2555 perferte
1551 2467 1620 2547 at«

66 2594 74 2607 ·
214 2566 296 2666 que
319 2546 495 2639 absolute
513 2552 651 2641 beator
673 2552 818 2642 efficit:
849 2552 1037 2669 idemque
1066 2555 1313 2661 concitatus,
1338 2556 1377 2640 8(
1404 2554 1615 2646 abstraiiur

213 2668 266 2751 ab
295 2669 444 2780 integra
464 2673 651 2783 certaque
675 2672 855 2775 ratione,
876 2698 964 2755 non
993 2670 1251 2759 eonsiattiam
1283 2670 1417 2759 sotum·
1448 2670 1619 2781 amittit,

214 2784 353 2869 vernn
378 2784 495 2885 etiam
519 2780 727 2869 saritatem
1596 2847 1601 2858 ·

273 2899 474 3023 Qoeirca
489 2896 674 2985 mollis&
697 2921 880 2987 enovata
900 2896 1151 3014 putanda'est
1179 2904 1523 3018 Peripateticorum
1549 2930 1613 2989 ra·
1660 2972 1662 2976 ,

211 3012 273 3109 tio
301 3010 518 3114 &oratio,
541 3015 611 3127 qui
643 3008 858 3129 perturbari
885 3019 1038 3103 animos
1073 3018 1225 3105 necem
1247 3021 1322 3105 effe
1355 3016 1514 3105 dicunt:
1548 3015 1616 3103 sed

211 3120 401 3212 adhibent
423 3124 594 3213 modun
641 3127 835 3232 uendam‚
865 3154 997 3243 quem·
1017 3129 1118 3227 uitta
1152 3130 1341 3247 progredi
1366 3162 1457 3220 non
1486 3161 1613 3245 opor-

210 3263 301 3327 teat
326 3239 500 3327 Modum
520 3264 569 3327 tu
669 3239 751 3329 ibes
770 3241 905 3331 vitio?
926 3274 979 3331 ao
1000 3247 1143 3331 viti-um
1173 3248 1320 3331 nullum
1343 3251 1422 3351 esi,
1441 3276 1526 3334 non
1538 3274 1621 3359 pa-

210 3382 296 3442 rere
311 3360 490 3443 rationi?
516 3384 568 3441 an
592 3362 691 3445 ratio
720 3386 861 3471 patum
886 3358 1088 3475 praecipit,
1104 3388 1179 3445 nec
1203 3360 1363 3447 bonum
1385 3360 1478 3448 illud
1508 3364 1618 3467 esser

211 3468 329 3587 quod
348 3494 414 3557 aut
432 3470 567 3586 cupias
583 3471 788 3578 ardenter,
806 3471 1050 3589 autadepttu
1070 3476 1207 3562 effetas
1229 3472 1519 3563 teinsoienter?
1538 3500 1619 3563 nec?
1724 3500 1729 3507 ‘

209 3589 335 3699 porro
356 3586 535 3692 maluo,
553 3616 642 3702 quo
660 3610 729 3674 aut
752 3590 960 3702 oppressus
979 3591 1124 3701 jaceas,
1161 3614 1251 3696 aut,
1284 3618 1339 3677 ne
1358 3592 1586 3706 opprimere
1595 3652 1614 3695 ,

208 3699 437 3788 rnente‘vix
454 3702 634 3797 contest
654 3706 782 3816 estque
800 3709 936 3790 omnia
963 3704 1304 3811 autnimittristia,
1329 3730 1396 3793 aut
1418 3706 1615 3805 nimisso-

209 3838 252 3903 ta
275 3844 406 3903 errore
428 3818 537 3911 fieri?
560 3821 644 3939 Qui
668 3818 827 3905 st-error
846 3819 969 3905 stultia
984 3822 1218 3908 extenuetur
1240 3820 1305 3906 die
1318 3885 1337 3926 ,
1352 3845 1425 3925 ut,
1444 3814 1615 3905 cirmren

205 3929 351 4016 eadem
368 3953 553 4037 maneat,
567 3932 672 4025 aiitet
691 3931 817 4019 ferant
834 3932 1069 4041 inveterata,
1090 3934 1194 4023 diter
1210 3940 1402 4022 recentia:
1423 3934 1615 4047 fipientet

208 4075 263 4132 ne
290 4051 450 4162 attingat
469 4047 636 4163 quidem
654 4054 833 4135 omnino.
1177 4062 1183 4071 ’
1270 4054 1272 4058 ’

268 4164 422 4247 Etenim
445 4160 534 4277 quis
563 4168 633 4249 erit
653 4164 814 4252 tardem
837 4160 984 4262 modus
1017 4166 1108 4257 iiie?
1135 4166 1365 4297 Qraeramns
1389 4166 1499 4249 enim
1514 4194 1682 4310 mov-3

209 4272 313 4362 dum
331 4275 597 4393 agritudinis,
616 4282 658 4367 in
679 4310 768 4397 quo·
787 4308 920 4394 operte
940 4277 1153 4397 plurimum
1171 4280 1343 4395 ponitur.
1370 4280 1483 4394 AEgre
1502 4255 1639 4369 tuiis«¹

207 4663 245 4706 a
263 4643 375 4705 erant
392 4649 543 4710 aaran
563 4665 622 4723 qua
641 4640 763 4703 mmm
782 4641 897 4703 mmo
968 4646 990 4688 a
1010 4634 1093 4706 nnn
1112 4644 1220 4707 um
1244 4644 1337 4725 erqo
1357 4644 1416 4721 arn
1436 4644 1529 4719 run,
1546 4642 1606 4717 aa»,

204 4721 1017 4875 nmirum
1578 4792 1580 4799 ψ
