4259 5592
461 465 1257 598 Ltunn'outu'rus.
1486 531 1570 616 279

55 759 57 764 ,
167 673 272 798 quid
293 665 423 766 minits
444 661 704 791 probandum
709 675 869 802 ,tquim
892 671 969 758 ess'e
988 671 1160 790 diquem
1183 675 1342 769 beatum
1349 746 1363 788 ‚
1385 647 1459 768 nee
1484 683 1569 786 sitit

164 795 367 912 beatum?
386 790 660 914 Qud-autem
679 791 764 876 satis
777 789 853 895 est,
872 791 923 875 ei)
970 789 1140 907 uidquid
1162 799 1384 903 accesserit,
1403 800 1570 887 nimium

162 911 249 999 est:
274 913 314 998 ὃ(
336 937 459 997 nemo
479 904 646 994 nInriitm
676 901 811 993 beatus
836 904 914 991 este
941 819 982 992 dt
1005 933 1132 997 nemo
1148 910 1270 1001 beato
1293 913 1455 1003 beatior.
1482 922 1508 964 ·'

225 1031 363 1143 Ergo,
382 1028 543 1139 inquit,
567 1019 657 1109 tibi
675 1030 741 1154 Q
753 1019 959 1127 Metellus,
983 1027 1053 1136 qui
1074 1048 1150 1111 tres
1172 1025 1274 1116 filios
1302 1030 1490 1121 consides
1507 1036 1570 1119 vi-'

163 1141 252 1250 dit,
279 1147 304 1230 ὲ
326 1137 473 1258 quibus
498 1143 767 1225 unum-etiam
788 1139 828 1224 ὃ(
847 1138 1046 1224 censorem
1058 1140 1434 1255 &triumphantem
1450 1176 1571 1266 quar·¹

163 1283 252 1346 tum
271 1281 404 1344 autem
432 1276 667 1371 praetorem,
690 1255 836 1370 eosque
863 1253 987 1340 salvos
1010 1255 1184 1372 reliquit,
1222 1260 1356 1348 &tter
1376 1260 1471 1346 filias
1492 1293 1572 1348 nu-

162 1397 251 1488 ptas
268 1436 281 1479 ‚
301 1369 395 1459 ciun
412 1369 492 1486 ipst
505 1369 665 1474 consul,
688 1371 824 1458 censor
842 1368 956 1456 etiam
980 1377 1192 1488 augurque
1209 1373 1360 1483 sitisset,
1376 1378 1568 1464 &trium-

165 1489 344 1602 phasset:
376 1509 422 1573 ut
444 1485 592 1599 fipiens
619 1485 759 1591 suerit,
796 1489 930 1573 nbnne
956 1487 1108 1576 beatior
1134 1494 1284 1604 quam,
1320 1496 1481 1579 utitem
1511 1497 1571 1579 sa-

165 1603 423 1806 piensestftperit
434 1665 456 1800 ,Ι
471 1604 543 1788 qu2i
565 1605 608 1687 in
632 1601 821 1715 potestate
850 1601 1049 1707 hostium,
1081 1605 1222 1718 vigiliis
1243 1607 1283 1693 δι
1301 1605 1432 1696 inedii
1450 1636 1569 1696 neca-

165 1742 232 1805 tus
367 1745 389 1803 e
417 1747 444 1803 u
457 1745 526 1802 us.
578 1781 581 1788 .
989 1795 991 1800 .
1146 1761 1152 1770 ·
1443 1763 1448 1770 ·

171 1881 175 1888 ·
227 1748 425 1958 Quid-nie
447 1830 551 1918 istud
571 1860 713 1947 rogas,
731 1834 932 1948 inquam?
952 1833 1115 1922 stoicos
1139 1863 1247 1951 roga
1278 1838 1391 1966 Qid
1424 1843 1568 1956 igitur,
1581 1893 1644 1911 --

165 1952 321 2063 inquit,
338 1975 409 2058 eos
429 1947 678 2060 responsuros
702 1951 852 2060 putas?
878 1948 1016 2039 Nihilo
1029 1947 1251 2039 beatiorem·
1261 1954 1338 2037 eise
1356 1953 1568 2059 Metellum,
1585 1917 1643 1997 ²⁸

165 2069 287 2179 quim
308 2061 513 2180 Regulum
544 2060 639 2150 inde
659 2066 799 2177 igitur,
828 2068 984 2179 inquit,
1006 2063 1250 2152 audiendum
1272 2068 1337 2152 est‘.
1367 2071 1519 2152 Tamen
1545 2075 1570 2157 a

164 2181 400 2378 proposito,
420 2179 583 2376 inpuam
593 2241 613 2305 ,υ
632 2174 905 2264 aberravimus.
934 2185 1032 2265 Non
1048 2181 1179 2285 enim,
1205 2181 1395 2296 inquam,
1410 2211 1568 2297 quaero,

164 2298 236 2408 qui
280 2323 419 2380 verum
433 2341 452 2398 ‚·
482 2292 533 2378 ed
546 2291 645 2409 qutd
669 2295 817 2406 tuique
830 2290 1046 2378 dicendum
1067 2295 1122 2378 fit.
1152 2295 1311 2381 Utinam
1328 2295 1490 2410 quidem
1504 2294 1570 2381 di-

162 2431 301 2494 cerent
316 2409 433 2494 alium
455 2407 530 2495 aiio
544 2407 784 2498 beatiorem!
808 2409 890 2529 Jam
904 2406 1033 2494 ruinas
1055 2407 1216 2495 videres.
1246 2414 1288 2496 ln
1308 2414 1573 2498 virutteenim

164 2523 245 2611 soia
266 2526 368 2611 &in
399 2523 482 2637 ipso
504 2525 671 2612 honesto
694 2527 790 2610 etim
812 2527 856 2612 iit
880 2519 1034 2610 bonum
1070 2525 1266 2638 politum,
1298 2531 1473 2642 cumque
1486 2555 1568 2627 ‚nec

165 2643 313 2743 virtus,
339 2663 384 2726 ut
408 2637 532 2752 piacet
559 2639 655 2741 iliis,
675 2665 750 2724 nec
777 2641 985 2728 honestum
1004 2638 1168 2743 crescatg·
1186 2642 1311 2758 idque
1327 2639 1481 2728 bonum
1502 2644 1569 2729 so-

167 2753 258 2838 ium·
270 2755 340 2860 fit,
367 2783 450 2869 quo
476 2757 548 2869 qui
568 2759 768 2869 potiatur,
793 2755 944 2843 necesse
967 2753 1021 2838 esi
1045 2753 1180 2841 beatus
1204 2757 1249 2841 srt
1261 2820 1275 2860 ,
1299 2761 1395 2842 etim
1426 2758 1468 2841 id
1495 2786 1574 2842 au·
1687 2791 1690 2794 ·

166 2869 254 2983 geri
273 2899 357 2956 non
383 2870 525 2982 poffit,
553 2873 594 2953 in
617 2899 702 2983 quo
723 2897 808 2956 uno
828 2869 1001 2984 positum
1024 2867 1080 2951 est
1102 2869 1262 2956 beatum
1284 2872 1379 2957 esse:
1404 2876 1473 2984 qui
1487 2879 1572 2982 poa

166 2985 238 3070 test
263 2986 341 3071 eise
354 2983 560 3100 quisquam
586 2983 681 3070 alius
709 2983 786 3071 aiio
806 2981 994 3075 beatior?
1037 2983 1229 3090 Videsne,
1252 3008 1296 3073 ut
1317 2984 1408 3072 haec
1429 2991 1570 3072 conci-

165 3105 297 3186 nant?
323 3103 372 3186 Et
397 3099 553 3184 hercule
580 3097 815 3210 (fatendum
834 3101 889 3184 est
919 3103 1025 3184 edim
1055 3097 1171 3214 quod
1201 3100 1357 3211 sentio’)
1386 3101 1571 3192 mirabilis

164 3215 222 3299 est
238 3215 347 3329 apud
368 3213 453 3301 iiior
469 3235 830 3302 contextusrerum.
859 3214 1113 3329 Respondent
1128 3237 1297 3301 extrema
1344 3219 1469 3322 rimie,
1483 3242 1573 3302 me·
1615 3217 1618 3225 ’

164 3328 232 3415 dia
255 3330 457 3444 utrium,
487 3333 621 3416 omnia
646 3329 859 3418 omnibus:
886 3327 985 3440 quid
1004 3331 1041 3414 se
1098 3350 1211 3431 atur,
1231 3246 1342 3446 quid
1355 3351 1574 3450 repugnet,

165 3443 326 3530 vident·
343 3451 385 3530 ln
408 3444 623 3560 geometria
642 3449 767 3557 prima
788 3445 817 3529 sr
835 3443 1018 3547 dederis,
1038 3357 1169 3528 ddnd'a
1182 3444 1268 3558 sunt
1289 3448 1432 3532 omnia
1449 3453 1574 3566 Con-

168 3560 266 3645 cede
292 3560 386 3645 nihii
411 3559 690 3665 essebonum,
717 3561 787 3645 nisr
817 3555 1157 3675 quod-honesttmr
1179 3559 1224 3644 srt
1237 3591 1249 3646 e
1264 3560 1573 3647 concedendum
1683 3668 1686 3672 A

165 3677 245 3779 est,
271 3677 314 3760 in
339 3681 483 3762 virtute
505 3676 582 3762 soia
601 3677 769 3788 positam
792 3675 869 3762 esse
891 3672 1043 3761 beatam
1065 3672 1196 3760 vitam
1227 3673 1327 3761 Vide
1352 3678 1478 3762 rursus
1504 3703 1573 3761 re-

165 3795 241 3878 tro.
271 3794 378 3878 Dato
405 3791 507 3893 hoc,
538 3789 716 3875 dandum
737 3794 808 3876 etit
833 3788 937 3875 iilud.
967 3788 1094 3915 Qud
1121 3793 1234 3878 vestri
1259 3822 1344 3877 non
1367 3793 1472 3878 item.

177 3927 187 3938 ·
224 3907 318 3990 Tria
342 3932 483 4020 genera
505 3901 721 3993 bonorum.
751 3903 967 3992 Procliviits
989 3905 1107 3991 currit
1133 3912 1287 3994 oratio:
1310 3912 1417 3992 venit
1431 3903 1482 3992 ad
1496 3933 1575 3988 ex-

164 4021 363 4108 t'remum:
384 4021 499 4106 haerer
519 4025 561 4106 in
584 4021 746 4107 salebra:
773 4024 883 4136 cupit
912 4019 1016 4104 enim
1044 4019 1209 4123 dicere,
1235 4019 1343 4106 Nmit
1372 4021 1484 4131 posse
1499 4055 1502 4062 ·
1518 4019 1574 4104 ad

164 4133 325 4220 beatam
354 4139 479 4232 vitam·
500 4132 629 4220 deesse
651 4135 819 4250 sapienti.
850 4135 1027 4220 Honesta
1051 4139 1205 4238 oratio,
1235 4138 1458 4238 Socratica,
1484 4134 1575 4220 Pia-

167 4253 276 4336 nonis
292 4254 420 4336 etiam.
447 4250 593 4337 Audeo
617 4251 769 4355 dicere,
789 4255 927 4363 inquit.
956 4256 1055 4337 Non
1082 4251 1237 4364 potest,
1271 4248 1340 4334 nifi
1364 4250 1576 4336 retexueris

162 4365 254 4452 ilia:
271 4389 477 4480 paupertas
500 4368 528 4452 sr
549 4365 695 4454 maium
716 4367 799 4474 est,
817 4364 1023 4452 mendicus·
1046 4365 1182 4451 beatus
1202 4364 1279 4450 eise
1300 4369 1577 4480 rumpatur,

159 4727 692 4890 atirirsnidnidbfii
703 4725 859 4878 222³?ss
886 4719 1452 4888 {diffidisset-efflatis
1460 4723 1578 4886 iiiii

155 4891 467 4970 iiquiqueeorporis,
485 4911 518 4954 ut
539 4893 577 4954 8(-
594 4911 698 4954 eorum
712 4888 863 4951 conficien-
894 4889 934 4950 fit.
955 4892 1050 4952 latu.
1136 4913 1159 4922 ·’
1201 4915 1209 4924 ·

154 4969 870 5044 ἀηάἰοιεδοιιιίεᾱίίἱῆαωὼῑαηιία
