4259 5592
542 480 626 557 470
833 438 1639 533 'TU'SC‘U'L‘ANARUM

543 625 644 755 quid
666 630 793 743 potest
816 628 894 713 dici
922 631 1160 742 perversrus?
1185 626 1325 765 Qid?
1347 624 1440 729 oiim
1459 628 1626 715 fatentur
1646 624 1735 715 satis-
1759 657 1943 746 magnam

546 772 629 831 vnn
650 748 725 831 effe
751 749 791 829 in
811 742 911 827 vitiis
933 743 986 828 ad
1016 744 1193 829 miseram
1215 766 1359 849 vitam,
1379 751 1513 846 nonne
1537 743 1738 849 fatendum
1751 746 1831 853 est,
1853 774 1945 831 ean-

546 856 642 942 dem
665 863 746 945 vim
776 863 817 943 in
845 864 986 943 virtute
1014 862 1091 945 eise
1117 857 1168 941 ad
1181 856 1339 951 ¹beatam
1360 865 1507 951 vitam?
1524 863 1826 948 Contrariorum
1841 866 1943 951 enirn

541 971 743 1059 ,contraria
764 973 1156 1086 {inconsequentia
1185 980 1284 1095 Qo
1304 972 1399 1061 loco
1415 978 1453 1020 ²⁴
1467 1001 1624 1088 quaro,
1636 1002 1757 1087 quam
1775 979 1855 1061 vim
1877 980 1943 1067 ha-

419 1086 427 1097 ’
543 1084 638 1175 beat
667 1084 762 1174 libra
786 1086 847 1171 illa
868 1086 1054 1175 Critolai:
1069 1092 1143 1203 qui
1168 1092 1266 1171 caim
1289 1088 1330 1172 in
1352 1088 1504 1179 alteram
1528 1085 1675 1171 lanoern
1691 1094 1817 1175 animi
1837 1092 1944 1179 bona

547 1206 752 1314 imponat,
778 1206 819 1285 in
839 1202 995 1289 alteram
1015 1204 1194 1315 corporis
1207 1202 1250 1297 &,
1265 1226 1441 1307 externa3
1461 1226 1612 1287 tantum
1634 1204 1883 1318 propendere
1897 1205 1943 1292 ii-

546 1314 625 1400 lam
652 1314 749 1402 boni
777 1314 924 1400 lancem
955 1341 1093 1431 putet,
1115 1338 1159 1401 ut
1184 1337 1324 1402 terram
1339 1318 1424 1403 ²⁵&
1447 1316 1568 1403 maria
1594 1317 1799 1431 deprimat

608 1430 721 1550 Quid
744 1457 841 1543 ergo
858 1452 926 1517 aut
951 1435 1060 1517 hunc
1084 1430 1295 1543 prohibet,
1318 1455 1386 1519 aut
1410 1431 1528 1518 etiarn
1552 1435 1816 1521 Xenocratem
1839 1435 1943 1543 iilum

544 1548 816 1661 graviffimurn
833 1545 1184 1659 philosophorum,
1198 1570 1500 1661 exaggerantem
1519 1566 1725 1659 tantopere
1750 1555 1942 1655 virtutem,

548 1664 589 1745 δι
611 1681 883 1747 extenuantem
916 1684 1053 1754 catera
1077 1661 1117 1744 8(
1150 1660 1429 1771 abjicientem,
1452 1666 1493 1750 in
1519 1667 1660 1749 virtute
1684 1695 1767 1755 non
1791 1666 1942 1753 beatam

546 1775 676 1863 modo
700 1780 844 1879 vitam,
862 1773 1056 1861 sedetiam
1079 1771 1328 1864 beatissimam
1354 1790 1530 1891 ponere?
1555 1777 1684 1901 Quod
1704 1780 1942 1893 quidemnifi

546 1891 620 1995 sn,
642 1893 831 1978 virtutum
855 1894 1028 1976 interitus
1045 1892 1322 2005 consequetur.¹
1363 1898 1467 1979 Nam
1492 1897 1532 1982 in
1563 1920 1684 2007 quern
1705 1894 1811 1980 cadit
1831 1902 1943 2011 agri·

549 2004 654 2090 tudo
666 2066 679 2108 ,
709 2009 750 2089 in
773 2003 944 2089 eundem
969 2028 1119 2093 metum
1152 2006 1290 2092 cadere
1313 2008 1463 2093 necesse
1490 2008 1555 2095 est
1593 2008 1653 2095 Eti
1682 2014 1783 2097 enim
1812 2034 1941 2097 metue

516 2118 686 2205 sutura
703 2116 946 2233 agritudinis
972 2118 1127 2205 sollicita
1154 2121 1400 2236 exspeetatio.
1430 2128 1473 2209 ln
1503 2150 1622 2238 quem
1647 2148 1775 2213 autem
1786 2147 1942 2229 metus,

547 2238 592 2319 in
609 2232 781 2319 eundem
802 2233 1004 2340 formido,
1028 2233 1237 2341 timiditas,
1254 2266 1403 2349 pavor,
1419 2237 1583 2351 ignavia
1624 2242 1728 2353 Ergo
1765 2232 1811 2327 ut
1835 2238 1941 2349 idem

497 2382 504 2390 ’
546 2353 725 2477 uincatur
744 2347 961 2456 interduo,
989 2376 1062 2447 nec
1087 2372 1199 2469 putet
1218 2350 1273 2447 rad
1297 2353 1333 2439 se
1355 2361 1599 2477 preceptum
1619 2352 1713 2445 iliud
1734 2354 1841 2465 Atrei
1855 2383 1941 2474 per·

548 2486 694 2555 nnete:

480 1479 539 1583 {a

724 2581 888 2665 Proinde.
898 2582 977 2665 ita.
981 2605 1121 2695 parent
1136 2586 1180 2687 si
1200 2582 1376 2691 inuito,
1391 2610 1439 2671 ut
1466 2586 1564 2670 vinci
1587 2585 1759 2689 nesciant.

548 2697 631 2783 Hic
649 2710 781 2785 autem
803 2700 1003 2802 vincetur,
1025 2722 1069 2787 ut
1093 2698 1195 2788 dixi:
1217 2729 1291 2787 nec
1305 2700 1431 2791 modb
1445 2707 1642 2805 vincetur,
1661 2699 1726 2786 sed
1744 2702 1854 2785 etiam
1868 2696 1941 2783 ser-

548 2811 640 2893 viet.
680 2818 732 2896 At
755 2841 830 2899 nos
857 2811 1038 2905 virtutem
1057 2815 1209 2927 semper
1235 2815 1393 2913 liberam
1426 2818 1639 2919 volonno,
1664 2816 1810 2929 semper
1842 2812 1942 2900 invi-

545 2920 662 3015 etam.
692 2932 793 3041 Qrae
810 2926 882 3011 nisr
906 2927 1017 3035 sunt,
1045 2926 1187 3016 sublata
1213 2937 1334 3019 viruu
1354 2938 1417 3025 est

536 3093 543 3105 ·
608 3042 730 3150 Atqui
756 3042 784 3123 si
813 3045 855 3125 in
878 3046 1018 3129 virtute
1043 3044 1126 3131 satis
1150 3049 1203 3129 est
1227 3046 1392 3161 praesidii
1416 3047 1467 3133 ad
1489 3044 1590 3135 bene
1612 3044 1856 3148 vivendum,
1890 3042 1944 3131 sa·

538 3156 598 3238 tis
618 3150 679 3236 est
699 3158 815 3241 etiam
838 3154 893 3244 ad
907 3156 1034 3248 beate.
1057 3158 1158 3245 Satis
1184 3162 1239 3247 est
1258 3160 1362 3252 enirn
1390 3163 1492 3249 cene
1516 3166 1556 3247 in
1579 3165 1744 3264 virtute,
1770 3182 1816 3243 ut
1836 3160 1945 3253 forti·

546 3288 609 3351 ter
637 3266 824 3356 vivamua
849 3271 892 3357 Si
913 3272 1092 3389 sortiter,
1116 3278 1231 3367 etiam
1248 3300 1294 3369 ut
1314 3307 1462 3393 magno
1479 3282 1614 3365 animo
1630 3275 1698 3382 ,δε
1722 3272 1890 3389 quidem
1904 3294 1944 3372 ut

549 3379 654 3467 nulla
676 3410 717 3467 re
746 3414 922 3500 unquam
944 3413 1181 3494 terreamur,
1199 3392 1428 3507 semperque
1442 3394 1557 3481 simus
1577 3392 1720 3482 invidi.
1748 3390 1944 3505 Sequitur,

496 3556 499 3560 -
547 3520 596 3582 ut
619 3497 712 3583 nihil
737 3501 945 3611 poenieat,
972 3505 1071 3594 nihil
1093 3504 1219 3609 defit,
1242 3506 1336 3592 nihii
1359 3508 1497 3597 obstet.
1540 3514 1645 3622 Ergo
1678 3509 1815 3593 omnia
1849 3534 1944 3619 pro-

546 3615 742 3718 fluenter,
764 3615 965 3721 absolute,
984 3619 1178 3732 prospere.
1208 3620 1326 3735 lgitur
1355 3620 1479 3713 beate.
1507 3626 1601 3713 Satis
1626 3644 1755 3709 arrtem
1786 3620 1838 3705 ad
1863 3618 1946 3713 sor-

545 3728 637 3817 titer
658 3727 874 3815 vivendum
898 3734 1019 3818 virtus
1076 3735 1184 3825 otest.
1230 3742 1327 3823 Satis
1351 3766 1448 3855 ergo
1472 3742 1587 3824 etiam
1612 3736 1663 3823 ad
1689 3732 1811 3822 beate.
1852 3740 1945 3821 Ete-

545 3846 632 3933 nim
650 3866 695 3931 ut
713 3845 890 3950 stultitia,
913 3849 982 3939 etsr
1003 3878 1026 3933 a
1077 3868 1145 3959 pta
1168 3850 1222 3939 est
1250 3852 1364 3969 quod
1382 3857 1639 3968 concupivit,
1674 3849 1947 3965 nunquamse

542 3976 677 4062 tamen
700 3958 783 4063 fitis
808 3962 1058 4049 consecutam
1076 3986 1216 4077 putat:
1246 3968 1298 4059 stc
1321 3968 1503 4088 sapientia
1527 3968 1676 4083 semper
1696 3996 1747 4055 eo
1777 3990 1946 4056 conten

1901 4102 1945 4166 ta

486 4342 490 4349 ·
543 4275 1228 4449 barbitanum&
1259 4366 1589 4445 f
1608 4286 1947 4451 {erratuum

544 4452 601 4491 cem
617 4456 700 4496 annm
718 4434 785 4510 bona
802 4442 934 4526 inponat,
945 4446 973 4500 in
988 4442 1098 4509 alteram
1118 4450 1228 4527 corporis
1254 4448 1497 4530 propendendum
1520 4450 1608 4511 animi
1622 4454 1722 4513 lancem
1732 4468 1813 4535 puter.
1834 4450 1891 4515 vel
1903 4452 1949 4510 de-

542 4508 584 4583 ff
605 4535 740 4595 {nerunt
761 4538 864 4579 tarnum
879 4522 1038 4604 propendere
1059 4525 1132 4587 illam
1158 4527 1228 4588 boni
1259 4530 1288 4588 le
1305 4530 1380 4607 boni,
1401 4530 1432 4603 δ(
1451 4529 1554 4603 scribe,
1571 4536 1685 4595 Tamum
1695 4532 1858 4618 propendfre
1877 4534 1947 4591 illam

544 4589 659 4687 im,
740 4618 797 4668 ›rrr
810 4620 910 4663 terram
926 4600 963 4667 o
980 4609 1067 4701 maria
1081 4610 1227 4701 deprimqr]
1260 4612 1360 4679 lancem
1373 4628 1449 4703 parer
1467 4635 1478 4677 r
1498 4612 1595 4684 iiiam,
1611 4616 1669 4677 hoc
1693 4612 1749 4685 est,
1767 4635 1855 4693 quarn
1872 4612 1947 4693 prio-

541 4674 660 4765 Qffl}
706 4678 802 4752 dest,
827 4687 913 4762 ¹quod
927 4688 991 4759 bom
1013 4688 1114 4765 lamam
1138 4686 1229 4751 dicit?
1261 4710 1323 4761 rem
1338 4692 1505 4767 nominavit.
1526 4695 1630 4757 Noster
1648 4698 1685 4768 de
1700 4694 1811 4762 FimV.
1825 4718 1872 4775 ³0·
1892 4700 1950 4754 Arr-

541 4750 615 4833 ρὺπι
631 4774 663 4815 m
680 4762 897 4855 uqaquedaote
914 4764 1020 4831 fuerint
1034 4770 1103 4867 honr
1121 4793 1132 4836 r
1152 4770 1181 4831 in
1196 4768 1229 4829 il-
1261 4775 1324 4855 ἀώρ
1351 4779 1433 4863 igino
1459 4796 1549 4847 catera
1577 4798 1635 4869 qua
1652 4778 1799 4865 vserrrrrdrrrrr
1824 4796 1949 4837 nmirum

542 4833 776 4919 burrum,
795 4845 1111 4942 minebmamponr
1132 4848 1230 4933 &aa
1253 4854 1335 4937 suro,
1359 4858 1569 4945 murmurare
1588 4882 1599 4945 ξ
1620 4862 1729 4973 piranis
1748 4860 1948 5006 aarum&
