4259 5592
718 318 778 369 N

456 485 612 575 ,an
829 444 1628 538 roscunnnnnun

590 670 593 675 ·
699 640 892 732 Μεῶιινὶ
898 642 1030 745 serum
1046 638 1204 751 oportet,
1218 662 1289 752 quo
1305 636 1410 749 patio
1426 629 1622 745 cinosam
1639 638 1920 753 emmnaemft.

552 806 558 815 ·
670 780 699 847 ,·
758 780 878 861 rant,
1819 820 1833 827 .,

567 870 573 879 ”
700 874 867 977 feriata,
888 872 1055 975 damna,
1069 867 1196 955 exilia.
1225 866 1389 985 Pertgtd
1411 870 1554 953 rediens
1568 872 1714 983 semper
1739 872 1899 987 cogitet,
1937 916 1942 942 ι
2093 974 2094 977 p

558 1041 564 1059 ι
701 993 791 1075 Aut
802 988 1082 1104 filiipeccatum
1093 1049 1107 1092 ,
1119 1008 1193 1067 aur
1209 985 1335 1069 uxoris
1351 1009 1528 1091 mortem,
1543 1012 1617 1069 aur
1634 984 1806 1071 morbum
1816 990 1943 1104 filiae.
2055 1081 2058 1087 Δ
2093 980 2094 989 ¹

560 1153 563 1159 ·
702 1102 924 1189 Communia
934 1105 997 1214 ψ
1010 1106 1078 1187 hac
1086 1134 1103 1199 ,·
1106 1100 1194 1217 fieri
1202 1100 1539 1217 ptffcrutnrqur'd
1545 1103 1669 1185 ammo
1669 1106 1724 1216 stt
1735 1134 1901 1189 trovam:
2093 1094 2094 1121 ³

701 1221 904 1338 Quidquid
910 1244 1058 1333 ‘preter
1074 1221 1182 1330 spem
1210 1218 1389 1325 eveniat,
1414 1248 1518 1301 amm
1533 1218 1579 1300 id
1594 1219 1774 1331 deputare
1793 1220 1857 1331 effe
1878 1222 1942 1301 in.

758 1340 867 1421 lucro.
1764 1378 1773 1401 κ

460 1474 518 1577 J·
587 1458 692 1569 Ergo
718 1454 800 1539 hoe
820 1452 1026 1538 Terentius
1049 1455 1074 1537 d
1095 1448 1341 1566 philosophia
1365 1446 1452 1537 sum
1479 1473 1564 1536 turn
1591 1456 1687 1539 cum
1710 1470 1791 1537 tam
1813 1480 1927 1538 com-

494 1527 652 1656 ⁵mone
674 1565 839 1674 dixerit,
859 1595 960 1671 nos‚
979 1570 1004 1653 ὲ
1027 1560 1397 1681 quorumfontibus
1420 1563 1434 1647 i
1485 1566 1665 1653 haustum
1688 1562 1769 1670 est,¹
1791 1568 1926 1653 non&

490 1765 494 1784 ,
532 1686 708 1771 dicemus
730 1688 810 1770 hoc
836 1682 1003 1785 melitis,
1025 1684 1066 1767 8(
1087 1680 1327 1767 constantius
1353 1679 1584 1774 sentiemus?
1615 1685 1722 1768 Hinc
1745 1682 1801 1766 est
1824 1680 1929 1766 enim

531 1800 592 1885 ille
620 1798 748 1886 vultus
766 1802 914 1914 semper
936 1797 1069 1901 idem,
1088 1821 1208 1910 quem
1227 1792 1369 1879 dicitur
1389 1794 1564 1909 Xanthip
1594 1824 1618 1881 e
1639 1794 1850 1909 predicare
1868 1796 1929 1882 so-

531 1916 598 2001 lita
616 1920 658 2002 in
682 1919 768 1999 viro
786 1916 859 1999 suo
882 1914 994 1998 fuisse
1014 1918 1198 2011 Socmte3
1221 1908 1368 1994 eodem
1385 1908 1533 2023 semper
1557 1827 1596 1995 id
1619 1908 1756 1995 vidisse
1780 1938 1932 1995 exeun-

532 2056 614 2117 tem
633 2029 739 2115 illum
758 2027 913 2131 domo,
939 2028 979 2111 ὃ(
1003 2048 1268 2111 revertentem.
1295 2028 1383 2109 Nec
1407 2030 1502 2111 vero
1526 2050 1571 2111 ea
1586 2024 1694 2113 frons
1715 2049 1820 2130 erat,
1837 2054 1936 2139 qum

532 2154 589 2233 Μ.
613 2146 731 2231 Crassi
753 2142 849 2228 illius
873 2145 1035 2243 veteris,
1090 2166 1180 2224 uem
1203 2136 1313 2225 semel
1334 2142 1386 2223 ait
1406 2142 1447 2223 in
1472 2145 1584 2227 omni
1609 2138 1689 2227 vita
1709 2138 1822 2226 risisse
1846 2144 1927 2224 Lu-

534 2261 668 2348 cilius:
687 2257 750 2344 sed
772 2256 972 2372 tranquilia
992 2256 1032 2340 8(
1056 2169 1207 2339 perena:
1227 2252 1277 2337 fic
1293 2257 1400 2337 enim
1417 2259 1650 2369 accepimus.
1686 2260 1773 2379 lure
1794 2277 1922 2340 autem

534 2400 614 2461 erat
635 2374 781 2487 semper
805 2372 910 2456 idem
940 2369 1092 2473 vultus,
1111 2364 1203 2454 citrn
1226 2367 1392 2473 mentis,
1414 2374 1438 2455 d
1458 2400 1537 2485 qua
1561 2376 1594 2457 is
1615 2368 1804 2485 fingitur,
1829 2367 1928 2455 nulla

533 2488 642 2574 lieret
660 2486 837 2573 mutatio.
881 2492 1015 2608 Qare
1040 2487 1194 2597 accipio
1212 2482 1398 2598 equidem
1418 2488 1443 2569 i
1462 2490 1692 2602 Cyrenaicis
1719 2486 1805 2571 hac
1830 2511 1932 2569 arma

389 2674 395 2706 ,
535 2627 672 2691 contra
694 2602 801 2687 casus
822 2603 862 2686 &
883 2618 1047 2684 eventus
1058 2662 1072 2703 ,
1085 2594 1229 2714 quibus
1246 2624 1387 2683 eorum
1397 2596 1644 2687 advenientes
1658 2604 1827 2710 impetus
1841 2598 1929 2685 diu-

443 2821 446 2826 ,
535 2744 649 2805 tuma
668 2713 998 2829 praemeditatione
1016 2712 1270 2827 frangantur:
1287 2712 1479 2827 simulque
1501 2714 1637 2825 judico
1649 2778 1663 2821 ,
1676 2712 1820 2798 malum
1838 2713 1928 2799 illud

537 2834 737 2963 opinionis
755 2832 856 2935 esse,
878 2858 963 2917 non
986 2849 1141 2914 natura.
1168 2826 1330 2914 sienim
1351 2828 1393 2913 in
1415 2856 1456 2914 re
1472 2830 1587 2935 esset,
1600 2826 1818 2916 curfierent
1838 2858 1935 2942 pro-

539 2950 618 3036 vtsa
641 2950 810 3037 leviora?

596 3062 674 3150 Sed
695 3068 773 3167 est,
793 3059 926 3145 iisdem
947 3057 1000 3142 de
1022 3055 1138 3143 rebus
1161 3054 1276 3173 quod
1298 3054 1378 3145 dici
1403 3058 1517 3171 pollit
1542 3058 1718 3146 subtilitis
1729 3122 1743 3163 ,
1770 3059 1800 3144 s1
1827 3062 1936 3172 prius

539 3183 695 3294 Epicuri
709 3178 929 3262 intentiam
944 3172 1188 3276 viderimus,
1207 3176 1277 3287 qui
1299 3173 1451 3279 censet,
1473 3177 1622 3261 necesse
1643 3174 1719 3261 else
1738 3201 1878 3259 omnes
1895 3176 1936 3259 in

540 3292 766 3410 egritudine
788 3292 895 3393 esse,
915 3293 986 3404 qui
1010 3288 1105 3373 sein
1132 3284 1239 3373 malis
1263 3290 1339 3374 esse
1368 3286 1627 3396 arbitrentur,
1656 3290 1735 3375 snte
1760 3286 1822 3374 illa
1845 3290 1931 3374 anti

538 3410 750 3523 provisa&
772 3405 987 3519 exspeelata
1004 3404 1076 3487 smt
1086 3468 1099 3508 ,
1118 3404 1197 3489 sne
1216 3401 1524 3491 inveteraverint.
1550 3410 1656 3493 Nam
1670 3428 1802 3518 neque
1820 3426 1933 3487 vetu-

538 3531 630 3611 state
649 3526 772 3607 minui
791 3520 908 3622 mala,
920 3545 994 3603 nec
1008 3516 1092 3603 fieri
1109 3516 1371 3635 praemeditata
1386 3517 1554 3607 leviora:
1569 3519 1806 3633 stultimque
1818 3522 1936 3604 etiam

539 3642 617 3727 ess'e
638 3637 933 3722 meditationem
960 3631 1080 3719 futuri
1101 3632 1220 3738 mali,
1243 3656 1311 3721 aut
1336 3632 1490 3723 fortaffe
1520 3663 1571 3721 ne
1598 3636 1718 3721 futuri
1739 3632 1931 3749 quidem:

539 3755 623 3843 satis
648 3756 724 3841 esst
744 3750 928 3838 odiosum
950 3748 1096 3833 malum
1124 3774 1268 3853 omne,
1286 3744 1378 3835 citm
1392 3752 1576 3838 venisset:
1599 3756 1668 3866 qui
1690 3772 1820 3836 autem
1839 3750 1938 3834 sem

539 3896 610 3987 per
621 3868 881 3985 cogitavisset,
892 3862 1067 3957 accidere
1087 3863 1197 3976 posse
1216 3862 1362 3977 aliquid
1385 3866 1554 3972 adversi,
1566 3872 1602 3953 ei
1620 3864 1703 3950 fieri
1718 3862 1812 3951 illud
1831 3866 1939 3950 sem-

540 3992 736 4100 piternum
757 3982 925 4068 nulum:
950 3980 978 4064 sr
997 3982 1160 4066 verone
1178 3978 1355 4065 futurum
1377 3980 1539 4097 quidem
1552 3984 1617 4087 stt,
1636 3980 1771 4067 frustm
1793 3978 1934 4095 suscipi

539 4100 730 4201 miseriam
745 4093 1026 4185 voluntariam:
1046 4099 1100 4181 ita
1120 4095 1267 4205 semper
1279 4094 1371 4208 angi
1381 4160 1396 4203 ,
1409 4118 1476 4183 aut
1494 4093 1754 4213 accipiendo,
1772 4118 1840 4181 aut
1860 4124 1938 4296 cp-

1649 4272 1652 4277 -
1764 4234 1872 4327 grtan
1905 4241 1933 4297 o

345 388 363 467 1

566 4416 631 4454 ἰσ.
651 4399 756 4476 Ptoprio
775 4392 932 4475 philosophia
954 4390 1065 4472 fruatur
1091 4389 1205 4475 efficio]
1241 4392 1422 4458 moloniensis
1452 4395 1548 4475 potiri.
1585 4395 1636 4455 Sic
1656 4396 1694 4457 de
1714 4392 1850 4455 Amicitia
1870 4417 1879 4449 .-
1900 4412 1942 4449 ree

537 4474 679 4551 Quamvis
695 4474 817 4536 Manutii
835 4494 867 4536 ac
888 4471 1026 4535 Lambini
1040 4474 1223 4552 conicetuta'„
1241 4478 1384 4537 cordatione
1400 4482 1519 4538 anatim
1545 4476 1685 4555 nossraessc
1702 4474 1799 4555 fruor,
1817 4470 1936 4541 nocet.

539 4578 595 4634 qua
607 4560 739 4649 fungatur
759 4576 811 4636 pro
825 4558 935 4638 fruantr
950 4553 1085 4625 stantune,
1100 4576 1160 4616 uno
1178 4557 1211 4651 dt
1242 4557 1426 4651 cunt-aliquo
1442 4557 1536 4621 fructu
1553 4559 1586 4619 &
1604 4556 1786 4637 jucunditate
1801 4556 1938 4649 recordor

540 4638 628 4735 altero
645 4641 745 4779 ffice
766 4638 930 4783 susiepitetur
949 4660 959 4703 r
980 4658 1041 4781 plpn
1057 4653 1153 4778 rapteri
1170 4657 1212 4697 re·
1243 4657 1371 4779 amtmtp'p
1392 4638 1498 4702 nostre.
1530 4642 1655 4713 Florus,
1687 4640 1726 4699 ΙΙ.
1744 4654 1782 4709 6,
1815 4630 1932 4697 vemat

540 4738 665 4861 ilieiiani
687 4738 1214 4878 fipnppnpuagnrlogpdoepswpqupgpi
1239 4719 1335 4862 fluit.
1354 4740 1498 4876 gviiii]
1533 4799 1581 4863 Sic
1605 4798 1749 4865 Viderint
1767 4800 1802 4863 &
1838 4798 1941 4881 Grpte·

540 4882 619 4967 afficio
628 4886 732 4968 proprio
743 4882 916 4965 philosophia,
937 4879 1063 4943 ciiiilius
1082 4878 1165 4945 officii
1185 4900 1215 4941 e·
1243 4901 1301 4945 rus.
1319 4884 1492 4947 Sedmalirn
1507 4904 1577 4949 cum
1596 4882 1733 4949 Manutio
1767 4882 1801 4945 dt
1818 4876 1939 4943 Lumbi-

1223 4982 1228 4995 ι
1875 4974 1939 5030 ω’,
