4259 5592
543 432 664 539 &a
826 415 1635 510 TUSCULANARUM

533 632 632 721 pore
653 634 739 693 nott
761 606 975 695 intimus?
991 608 1044 691 lta
1062 603 1132 712 fir,
1158 626 1204 704 ut
1229 608 1381 693 arrirrtus
1405 600 1459 689 de
1479 601 1517 688 se
1538 601 1619 716 lpse
1634 603 1650 639 ²
1663 622 1751 690 natta
1771 604 1929 721 iudicet,

534 727 630 809 eum
648 719 690 809 id
715 724 862 835 ipsum,
884 748 971 835 quo
996 714 1211 834 judicatur,
1238 742 1409 839 agrotet.
1592 746 1596 755 ·
1888 718 1893 728 ’
1925 808 1929 816 ,

593 834 766 955 desr
789 838 881 925 tales
904 864 981 921 nos
999 859 1136 925 natura
1161 837 1376 953 genuiikt,
1400 854 1446 921 ut
1465 860 1555 921 eam
1577 832 1698 948 ipbm
1722 837 1930 937 inuicti&

533 954 774 1067 perspicere,
799 952 937 1041 eadem
969 978 1021 1037 ue
1042 951 1195 1068 optima
1215 951 1319 1039 duce
1340 948 1495 1036 cursum
1516 952 1603 1036 vitae
1622 952 1818 1039 confitere
1835 954 1929 1069 pot:

531 1066 680 1161 semus:
707 1068 814 1155 haud
839 1091 919 1156 erat
940 980 1028 1155 iane
1043 1131 1057 1176 ,
1070 1068 1184 1183 quod
1203 1069 1409 1185 quisquam
1428 1068 1620 1153 rationem
1643 1093 1693 1151 ac
1705 1065 1928 1155 doemon

530 1207 572 1265 re
603 1185 750 1268 uiseret.
779 1188 901 1272 Nunc
924 1182 1108 1296 parvulos
1131 1180 1246 1280 nobis
1267 1183 1374 1283 dedit
1390 1179 1613 1297 igniculos,
1634 1210 1740 1297 quos
1758 1183 1928 1273 celeriter

530 1212 639 1383 mile
662 1297 838 1387 motibus
864 1295 1199 1414 opinionibusque
1220 1298 1438 1415 depravatis
1470 1296 1524 1382 src
1548 1294 1851 1413 restinguimus,
1877 1323 1926 1389 -ut

531 1412 723 1527 nusquam
745 1434 888 1502 natura
912 1414 1043 1499 lumen
1064 1436 1257 1529 appareat
1285 1421 1384 1502 Sunt
1398 1410 1505 1499 enirn
1522 1410 1687 1527 ingeniis
1710 1414 1850 1501 nostris
1865 1418 1925 1501 le-

529 1531 634 1613 mina
653 1532 783 1616 innata
800 1529 1108 1645 virtutumque
1127 1531 1154 1617 li
1172 1529 1388 1622 adolescere
1410 1526 1565 1634 liceret,
1578 1528 1658 1643 iplit
1675 1529 1816 1615 nosad
1828 1529 1929 1617 bea--

528 1665 610 1730 tarn
630 1642 750 1730 vitam
772 1668 909 1732 natura
939 1644 1181 1761 perduceret
1227 1651 1350 1732 Nunc
1363 1656 1525 1757 autem,
1550 1642 1660 1729 strnul
1685 1667 1807 1759 atque
1829 1644 1925 1733 editi

528 1760 569 1855 in
601 1760 728 1855 lucem
757 1761 797 1846 dt
827 1759 985 1874 suseepti
1019 1760 1190 1865 sumus,
1225 1765 1268 1847 in
1301 1763 1413 1851 omni
1446 1760 1641 1846 continuo
1674 1763 1922 1871 pravitate&

527 1875 569 1963 in
590 1878 739 1960 summa
761 1877 1000 1989 opinionum
1021 1878 1265 1990 perversttate
1283 1876 1499 1963 versamurt
1519 1896 1565 1961 ut
1583 1877 1694 1987 pani
1713 1902 1806 1961 curn
1825 1874 1922 1963 laste

526 1987 685 2073 nutricis
705 2017 875 2077 errorem
894 1992 1029 2078 suxisse
1043 1988 1257 2080 videamur.
1271 2080 1273 2084 ,
1285 1987 1395 2079 Ciam
1413 1993 1506 2077 verb
1517 1984 1741 2103 parentino
1757 1989 1922 2099 redditi,

527 2102 689 2191 demum
712 2105 897 2221 magistris
920 2104 1048 2193 traditi
1068 2106 1200 2192 sumus
1212 2168 1227 2212 ,
1248 2129 1335 2193 tum
1358 2106 1411 2192 ita
1436 2108 1551 2190 variis
1573 2101 1783 2191 imbuimur
1807 2133 1923 2195 erros

526 2220 647 2325 ribus,
659 2242 703 2307 ut
716 2224 872 2309 vanitati
883 2221 1083 2326 veritas,&
1095 2220 1278 2334 opinioni
1289 2225 1525 2309 confirmata
1545 2242 1682 2305 natura
1700 2220 1778 2333 ipsa
1794 2221 1934 2328 cedat

452 2378 509 2395 -
583 2335 787 2421 Accedunt
817 2339 932 2439 etiarn
959 2342 1115 2451 poitaez
1137 2336 1208 2451 qui
1228 2344 1324 2442 etim
1343 2336 1716 2453 magnamspeoiem
1733 2334 1924 2423 doetrinae

466 2429 490 2484 ²
525 2446 796 2566 stpientibque
817 2449 1124 2564 prasetulerunt
1136 2452 1375 2557 ,audiuntur
1388 2517 1402 2558 ,
1415 2454 1619 2568 leguntur,
1634 2450 1923 2558 ediscuntur,&

522 2565 774 2652 inhaerescunt
793 2565 947 2677 penitus
969 2572 1011 2651 in
1029 2564 1236 2653 mentibus.
1264 2563 1374 2655 cum
1388 2575 1484 2657 verb
1496 2566 1645 2655 accedit
1658 2565 1805 2656 eodem
1816 2568 1927 2682 quali

521 2685 713 2767 maximus
733 2680 897 2795 quidam
915 2682 1118 2796 magister,
1142 2683 1346 2797 populus,
1365 2708 1404 2769 at
1433 2712 1484 2771 ue
1508 2688 1638 2771 omnis
1660 2682 1840 2799 undique
1866 2682 1929 2770 ad*

522 2797 613 2887 vitia
635 2796 876 2889 consentiens
890 2794 1127 2903 multitudo,
1141 2820 1228 2886 tum
1239 2798 1381 2914 planii
1408 2899 1410 2902 ¹
1435 2805 1563 2885 cinurr
1574 2798 1814 2913 opinionum
1828 2828 1919 2915 pta-

522 2913 664 3018 vitate,
683 2917 706 2999 i
726 2916 942 3026 naturaque
958 2908 1228 3001 desciscimust
1251 2938 1295 3001 ut
1314 2913 1430 3001 nobis
1446 2917 1637 3028 optimam
1656 2938 1831 3000 marram
1855 2920 1918 2999 in-

522 3025 657 3119 vidilie
676 3025 904 3133 videantur,
926 3025 996 3141 qui
1016 3026 1109 3113 nihil
1129 3027 1265 3115 melius
1282 3032 1462 3135 homini,
1484 3028 1578 3115 nihil
1596 3028 1718 3141 magis
1730 3055 1921 3143 expetens

521 3145 646 3249 dum,
665 3141 760 3227 nihil
778 3142 1014 3258 praeliantius
1034 3143 1280 3249 honoribus,
1301 3148 1472 3261 imperiis
1482 3207 1495 3248 ,
1514 3143 1695 3259 populari
1715 3141 1841 3259 glotii
1859 3148 1917 3255 iu-

523 3260 759 3346 dicaverunt
800 3257 864 3344 Ad
886 3286 1006 3371 quam
1024 3258 1145 3343 fertur
1165 3264 1339 3371 optimus
1362 3260 1556 3377 quisque,
1576 3264 1790 3373 veramque
1814 3260 1917 3352 illam

522 3375 762 3465 honestatem
786 3397 996 3487 expetens,
1017 3402 1138 3488 quam
1160 3403 1281 3460 unam
1308 3400 1443 3476 natura
1470 3377 1641 3463 mariani
1659 3378 1850 3490 inquiri,
1874 3380 1917 3463 in

522 3492 670 3579 summa
691 3488 871 3576 inanitate
890 3488 1410 3605 versatut,oonseiiatluque
1424 3490 1568 3576 nullam
1582 3493 1593 3532 ³
1608 3496 1846 3578 eminentem
1859 3492 1918 3577 ei

521 3611 654 3723 figiem
674 3602 850 3708 vinuds,
866 3602 930 3688 sed
945 3602 1215 3693 adumbratam
1227 3605 1438 3721 imaginem
1455 3606 1597 3722 gloria.
1627 3607 1691 3692 Est
1712 3609 1818 3690 enim
1829 3607 1918 3723 glo-
2014 3694 2018 3698 ,

507 3722 598 3830 ria,
618 3719 738 3809 solida
758 3718 938 3835 quadam
952 3746 1010 3806 ret
1030 3722 1259 3839 &expreffa
1270 3786 1284 3830 ,
1307 3752 1392 3810 non
1406 3721 1646 3811 adumbrata
1674 3727 1729 3808 Ea
1747 3722 1803 3807 est
1817 3754 1918 3811 con-

1825 3839 1918 3925 sen·

519 4040 546 4101 3.
568 4024 632 4083 Solet
644 4024 743 4085 Talao
760 4026 792 4083 cle
810 4024 979 4104 qualitatibus
1005 4042 1095 4085 terrore
1109 4026 1202 4105 loqui,
1229 4024 1270 4091 sui
1290 4022 1302 4087 l
1321 4026 1403 4089 illam
1417 4026 1523 4090 ideirco
1541 4022 1768 4107 negligit‚qnbd
1853 4024 1917 4087 ese

519 4122 655 4186 tanquam
671 4108 704 4165 de
721 4107 798 4167 rebus
821 4101 897 4187 ipfis,
916 4122 1030 4186 quaram
1047 4107 1098 4166 illa
1120 4108 1203 4188 quali-
1231 4128 1290 4171 non
1310 4128 1390 4188 putat
1409 4107 1550 4172 remediis.
1587 4110 1652 4169 Hoc
1667 4102 1742 4168 certi
1760 4107 1855 4167 vonit
1871 4104 1921 4165 Ci-

519 4203 586 4246 rates
596 4186 671 4267 fitne.
704 4189 769 4247 Jam
788 4183 928 4265 propolim
952 4184 1099 4249 Ciceronis
1117 4190 1203 4249 verba
1231 4208 1317 4261 cero,
1343 4212 1430 4271 quem
1455 4190 1546 4255 miror
1565 4191 1582 4251 i
1599 4188 1712 4253 Davilio
1733 4186 1794 4266 rapi
1815 4188 1849 4249 in
1865 4185 1920 4249 alia

518 4264 558 4329 fic
576 4266 681 4346 opinor
696 4268 771 4348 polle
791 4266 912 4349 intelligi
932 4288 941 4327 :
963 4270 1018 4328 Art
1042 4270 1201 4343 medendi,
1234 4272 1342 4335 omnia.
1362 4273 1513 4337 Plutarcho
1528 4271 1557 4335 se
1571 4290 1673 4333 tuente.
1695 4267 1840 4332 moene
1854 4270 1919 4331 Plu·

520 4368 636 4429 propter
648 4348 727 4412 suam
747 4349 897 4411 utilitatem
914 4348 977 4409 Diit
997 4348 1127 4433 affignata
1149 4350 1204 4413 fuit
1230 4356 1342 4418 tarchm
1361 4354 1471 4419 arbiter.
1491 4356 1537 4416 En
1555 4372 1617 4432 qua
1636 4373 1673 4414 ex
1693 4350 1865 4431 hujuslibro
1882 4354 1919 4415 de

520 4448 665 4509 tamquam
675 4431 878 4502 inventoribus.
907 4432 978 4502 Vel,
992 4434 1071 4511 quod
1095 4434 1202 4495 eodem
1230 4434 1329 4498 Animi
1344 4436 1533 4519 Corporisqw
1550 4432 1743 4497 artemonibus
1761 4430 1920 4513 descripfir3

520 4512 1200 4659 iiiiiiiem'iffitnliae
1228 4516 1414 4664 iffi
1430 4520 1544 4664 ⁰:33¹
1561 4514 1796 4678 {in
1811 4515 1919 4679 {ilii

1189 4642 1197 4658 ·
1532 4640 1543 4674 r

519 4696 589 4817 mi·
602 4678 693 4819 lid
701 4678 1029 4837 giwii
1043 4697 1198 4841 effi
1227 4682 1366 4843 Ilii
1381 4677 1849 4845 militiam?
1855 4677 1918 4821 ,ἶῗ

520 4838 570 4919 qui
587 4858 676 4905 artem
691 4838 880 4922 aspernaretur
898 4844 1015 4911 mranui
1031 4843 1201 4928 sanmdlque
1230 4829 1354 4928 irim.
1375 4843 1489 4920 rarii
1517 4850 1561 4921 eli
1578 4847 1672 4937 ψ’),ΐσ
1689 4840 1806 4911 md·
1824 4844 1919 4946 34³5·
2101 4885 2102 4946 t

1209 4997 1215 5003 .
1880 4947 1917 4992 ν*
2101 4949 2103 5012 l

2101 5071 2103 5138 l
