4259 5592
554 478 641 558 φο
812 361 1649 555 ”tuscutnutaou

542 662 652 719 ‘nem
667 628 902 738 bonorum,
925 632 1154 720 conveniret
1176 628 1276 719 mihi
1297 658 1391 719 cum
1427 634 1623 747 Epicuro,
1649 627 1705 735 st,
1729 630 1831 744 quid
1860 634 1952 739 eil'cr

505 832 508 835 ,
559 744 995 852 bonum‚conveni1et.
1030 774 1035 782 ·
1129 822 1134 834 .

484 877 546 990 ’ᾗ
617 864 735 951 Dicet
753 860 915 974 aliquis:
945 861 1056 995 Qid
1071 871 1198 977 ergo?
1219 884 1262 948 tu
1285 866 1495 977 Epicurum
1527 862 1716 949 existimas
1732 860 1786 949 ita
1808 862 1952 952 voluis-

561 980 630 1083 se,
658 1000 725 1064 aut
749 974 970 1063 libidinossas
994 1005 1074 1090 crus
1099 978 1211 1087 fitilie
1232 976 1453 1070 sententias?
1475 981 1562 1093 Ego
1580 981 1675 1065 vcro
1696 980 1879 1067 minime:
1895 984 1951 1069 vi-

560 1094 641 1181 deo
666 1097 773 1179 enim
795 1091 846 1176 ab
870 1121 921 1179 eo
947 1092 1025 1179 dici
1048 1091 1170 1177 multa
1195 1090 1344 1199 severe,
1366 1092 1487 1179 multa
1507 1091 1696 1208 praeclare.
1726 1098 1881 1209 ltaque,
1912 1119 1952 1182 ut

561 1212 659 1324 sape
680 1208 785 1312 dixi,
811 1205 863 1291 de
896 1207 1077 1320 acumine
1111 1206 1367 1323 agittueius,
1391 1236 1475 1295 non
1500 1208 1555 1293 de
1579 1200 1767 1293 moribue
1798 1216 1952 1329 Qant-

560 1326 619 1412 vis
644 1326 891 1439 adspemerur
917 1322 1138 1436 voluptates
1159 1350 1250 1427 eas,
1282 1352 1380 1437 quar
1404 1320 1532 1409 modo
1557 1320 1756 1409 laudavit:
1785 1350 1864 1437 ego
1893 1346 1950 1411 ta·

559 1462 654 1526 men
673 1438 1053 1551 monioero,·quod
1080 1433 1257 1524 videatur
1276 1444 1312 1523 'ei
1330 1438 1522 1523 summum
1536 1434 1701 1523 bonum.
1729 1434 1835 1525 Non
1849 1443 1952 1524 enim

559 1551 685 1641 verbo
706 1552 830 1650 solum
848 1554 981 1667 posuit
1003 1553 1272 1666 voluptatem3
1300 1550 1364 1637 sed
1385 1558 1499 1639 ctiam
1519 1552 1738 1667 explanavit
1762 1552 1860 1667 quid
1890 1554 1950 1641 di-

555 1690 677 1765 ceret.
705 1672 898 1780 Saporem,
919 1667 1069 1785 inquit,
1087 1668 1135 1760 <i
1150 1692 1339 1779 corporum
1364 1670 1616 1780 complexum,
1639 1668 1686 1761 ό*
1705 1666 1813 1749 ludos
1837 1690 1950 1785 atquc

554 1808 723 1890 ramus,
753 1784 802 1875 ti*
809 1776 960 1897 formas
983 1814 1078 1887 eas,
1099 1784 1238 1897 quibus
1255 1782 1351 1865 oculi
1353 1784 1528 1886 jucunde*
1559 1804 1795 1867 moveantur.
1838 1788 1946 1869 Nutu

555 1901 702 2015 fingo?
728 1927 826 1987 num
847 1903 1041 1989 mentior?
1065 1898 1194 2010 cupio
1212 1896 1347 1983 refelli.
1376 1896 1489 2023 Qud
1508 1896 1615 1983 enim
1639 1893 1802 2001 laboro,
1824 1898 1894 1984 nist
1908 1918 1949 1985 ut

557 2019 699 2101 ueritas
723 2016 896 2099 inomni
924 2014 1139 2126 quastione
1169 2011 1419 2124 explicetur?
1887 2020 1890 2029 '

619 2134 678 2218 At
698 2126 805 2220 idem
821 2133 900 2233 ait,
925 2156 1009 2223 non
1029 2128 1194 2217 crescere
1214 2128 1455 2241 voluptatem
1474 2126 1618 2218 dolore
1635 2128 1830 2227 detracl03
1843 2124 1950 2214 sum-

556 2250 750 2359 mamque
761 2241 1133 2362 voluptatem‚nihil
1154 2240 1298 2328 dolere.
1328 2246 1463 2329 Paucis
1478 2240 1602 2328 verbis
1614 2246 1840 2355 tria'magna
1858 2267 1951 2357 pec·
2085 2233 2093 2254 '

555 2382 655 2446 cata
685 2361 844 2462 Unum,
867 2354 980 2470 quod
1006 2358 1134 2445 secum
1152 2358 1234 2469 ipse
1252 2378 1426 2471 pugnat:
1452 2356 1580 2447 modo
1599 2360 1734 2461 enim,
1760 2384 1809 2440 ne
1835 2355 1951 2469 suspi-

557 2472 641 2560 cari
662 2470 831 2589 quidem
853 2472 890 2557 se
909 2469 1129 2585 quidquam
1154 2466 1330 2576 bonum„
1352 2472 1420 2561 nist
1447 2472 1569 2563 sensus
1594 2471 1701 2584 quast
1717 2471 1949 2558 titillarentur

559 2589 788 2704 voluptate:
807 2614 918 2682 nunc
936 2610 1095 2691 autem,
1116 2588 1303 2681 summam
1326 2586 1572 2701 voluptatem
1595 2588 1696 2690 effe,
1714 2583 1857 2673 dolore
1881 2614 1949 2671 ca-

558 2732 653 2790 rere.
681 2699 1006 2813 unumemagis
1032 2705 1162 2802 lecum
1181 2703 1260 2814 ipse
1275 2706 1491 2825 pugnare?
1517 2702 1688 2789 Alterum
1718 2723 1946 2816 peccatum,

559 2818 702 2933 quod,
722 2822 818 2905 citm
839 2820 881 2902 in
908 2818 1043 2903 natura
1061 2820 1132 2904 tria
1157 2818 1248 2903 sint:
1274 2844 1421 2923 unum,
1444 2816 1639 2941 gaudere:
1665 2816 1848 2919 alterum,
1871 2810 1949 2903 do'-

557 2934 656 3022 lere:
673 2935 859 3036 tertium,
882 2958 956 3015 nec
978 2930 1180 3055 gaudete,
1198 2952 1274 3019 'nec
1289 2929 1454 3025 dolere:
1478 2931 1541 3018 hic
1560 2934 1729 3045 primum
1743 2932 1782 3015 u
1796 2936 1948 3017 tertium

554 3071 670 3172 putat
693 3046 801 3131 idem
820 3046 896 3131 else
906 3109 921 3150 ,
945 3071 1020 3129 nec
1038 3045 1273 3160 distinguite
1289 3075 1373 3142 non
1385 3046 1567 3141 ,dolendo
1583 3044 1837 3159 voluptatem.
1852 3048 1948 3131 Ter·

555 3168 655 3247 tium
676 3184 885 3295 peccatum
906 3188 1121 3257 commune
1145 3170 1237 3257 cum
1255 3158 1511 3276 quibusdam,
1543 3160 1682 3277 quod,
1707 3166 1802 3249 cltm
1830 3157 1949 3247 virtus

555 3280 724 3363 maximi
735 3295 965 3392 expetatur,
980 3275 1143 3389 ‚ejusque
1163 3270 1417 3391 adipilcendae
1432 3273 1546 3374 causi
1573 3274 1818 3393 philosophia
1840 3302 1949 3391 quae·

554 3392 620 3480 itta
642 3394 722 3497 fit,
744 3392 804 3477 ille
829 3390 1011 3483 avimue
1029 3388 1225 3489 summum
1249 3393 1403 3493 bonum
1430 3392 1624 3505 separavit.

558 3558 562 3563 ‚
613 3512 665 3593 At
682 3506 838 3610 laudat,
859 3507 899 3591 ὃ(
924 3507 1046 3620 sape,
1071 3510 1266 3602 virtutem.
1289 3512 1342 3605 Et
1389 3507 1523 3595 uidem
1547 3513 1595 3593 C.
1618 3508 1818 3601 Gracchus
1832 3569 1845 3610 ,
1858 3501 1949 3593 clun

556 3620 776 3736 largitiones
801 3624 990 3713 maximas
1019 3618 1188 3727 santet,
1212 3623 1256 3709 &
1280 3538 1473 3710 effuliffet
1499 3626 1703 3726 aerarium,
1728 3618 1856 3711 verbis
1888 3642 1950 3705 ta-

555 3766 649 3821 men
675 3731 912 3825 defendebat
933 3739 1122 3835 ararium.
1153 3736 1263 3855 Quid
1286 3733 1404 3831 verba
1420 3735 1610 3842 audiam,
1640 3742 1733 3825 cum
1758 3734 1862 3828 fana
1886 3738 1950 3820 vi-

554 3851 699 3945 deam?
723 3848 809 3959 Piso
831 3850 895 3941 ille
918 3854 1033 3963 Frugi
1056 3850 1205 3964 semper
1225 3876 1361 3952 contra
1382 3850 1507 3979 legem
1532 3852 1822 3949 frumentariam
1834 3850 1951 3937 dixe-

555 3992 623 4053 rat.
646 3972 704 4073 ls,
727 3965 812 4081 lege
835 3964 934 4068 lata,
954 3963 1163 4063 consilaris
1188 3965 1238 4065 ad
1265 3966 1504 4065 iumentum
1527 3964 1800 4082 ,accipiendum
1826 3992 1949 4051 vene-

553 4106 622 4167 rat.
650 4079 932 4167 Animadvertit
943 4082 1142 4166 Gracchus
1158 4083 1199 4164 in
1214 4086 1410 4169 concione
1431 4082 1606 4169 Pisonem
1622 4083 1791 4167 stantem.
1823 4086 1950 4202 Que-

554 4195 628 4300 rit,
651 4196 834 4289 audiente
859 4194 1015 4310 populo
1044 4200 1248 4302 Romano,
1272 4202 1340 4311 qui
1360 4198 1429 4282 fibi
1459 4196 1635 4303 conflet,
1665 4200 1833 4282 cumea
1860 4195 1948 4310 lege

552 4311 792 4400 fiumenmm
814 4333 940 4425 petat,
970 4339 1091 4425 quam
1109 4309 1335 4413 dilluaierar.
1364 4312 1689 4427 Nolim,inquit,
1716 4340 1807 4403 ‚mea
1822 4310 1950 4418 bona,

549 4428 720 4533 Gracchc
726 4490 743 4558 Ρ
762 4426 834 4522 tibi
852 4425 1003 4531 viritim
1018 4426 1180 4510 dividere
1191 4427 1326 4513 liceat:
1341 4427 1417 4533 sed
1421 4432 1466 4555 ſs
1470 4424 1599 4542 facias
1611 4492 1624 4534 ,
1635 4452 1788 4553 partem
1798 4450 1949 4548 petam.

1774 4545 1948 4628 Partim-

590 4780 638 4838 31.
657 4762 793 4843 utiquo
809 4768 943 4847 cepere]
964 4766 1221 4848 Reprehendendus
1256 4767 1320 4829 aee
1342 4767 1406 4839 m,
1426 4734 1476 4845 qu'i
1493 4766 1589 4837 mu,
1607 4766 1667 4827 era
1685 4767 1763 4845 quea
1782 4764 1833 4825 nr
1854 4782 1951 4842 expe

542 4862 606 4922 aaa
621 4842 676 4919 est,
693 4843 741 4934 qm·
760 4843 830 4911 auu
854 4844 933 4935 uei„
954 4847 1006 4912 ut
1031 4844 1111 4933 quet
1138 4866 1225 4931 expe,
1255 4849 1321 4915 uae
1342 4848 1488 4915 ereutue
1504 4848 1544 4915 est
1567 4847 1654 4935 igin
1673 4844 1801 4929 uapore
1823 4844 1952 4907 ctam
