4259 5592
489 406 492 416 ·
608 387 1124 484 Lucutnus.
1233 487 1237 493 ,
1498 413 1549 508 ⁶3

163 599 201 663 u
226 569 415 688 sapientia
431 570 495 658 est.
523 570 699 660 Primum
715 604 836 688 ergo,
861 573 1057 688 siplacet,
1082 605 1169 692 quae
1198 570 1250 657 de
1273 596 1408 664 natttra
1425 605 1554 667 rerum

164 691 251 777 sitnt
275 689 458 803 quaesita,
487 686 706 778 videamus:
729 691 835 778 velut
856 689 981 779 ⁷ilsud
994 695 1094 780 ante.
1124 693 1236 778 Estne
1254 691 1455 806 quisquam
1468 717 1555 781 tan-

165 831 208 892 to
223 807 380 892 inflatus
400 830 556 910 errore,
577 825 621 890 ut
632 807 710 893 -srbi
727 806 763 891 se
781 805 946 893 illa-scire
963 809 1208 922 persuaserit?
1228 812 1326 892 Non
1342 839 1477 920 quaeto
1492 842 1555 896 ra-

166 927 292 1009 tiones
308 949 396 1026 eas,
416 949 503 1032 quae
523 946 571 1004 ex
594 922 812 1032 conjectura
827 922 1021 1036 pendent,
1035 953 1123 1040 qute
1141 921 1463 1030 disputationibus
1478 930 1556 1012 huc

167 1037 316 1126 &illuc
350 1035 584 1141 trahuntur,
617 1037 762 1124 nullam
782 1037 969 1126 adhibent
1007 1036 1262 1154 persuadendi
1292 1044 1555 1130 necessitatem.

166 1160 383 1240 Geometrae
407 1148 665 1263 provideant,
690 1156 816 1271 quise
839 1153 1074 1267 profitentur
1096 1186 1179 1241 non
1213 1151 1464 1266 persuadere,
1492 1156 1556 1244 sed

168 1293 331 1380 cogere:
355 1267 395 1350 bt
419 1269 488 1392 qui
508 1269 804 1375 omnia-vobis,
838 1299 926 1384 quae
951 1269 1197 1374 describunt,
1229 1267 1413 1383 probant.
1459 1280 1557 1371 Non

196 1405 301 1468 utero
327 1408 387 1464 erc
399 1383 459 1464 lus
477 1377 537 1464 illa
556 1381 661 1468 initia
678 1383 1067 1474 mathematicorum:
1092 1384 1235 1502 quibus
1253 1417 1336 1472 non
1357 1387 1557 1493 concessis,

168 1415 332 1612 digitum
359 1494 545 1610 progredi
565 1526 654 1590 non
674 1501 844 1612 possunt.
872 1503 1061 1588 pannum
1085 1505 1188 1606 esse,
1241 1499 1327 1587 uod
1355 1509 1557 1618 magnitu-

170 1613 299 1698 dinem
320 1609 621 1697 nullattrhabeat
641 1645 652 1699 ε
672 1615 992 1722 Extremum,
1018 1619 1058 1702 bt
1075 1617 1182 1730 quast
1207 1614 1232 1701 li
1260 1642 1475 1703 ramentum
1489 1680 1502 1721 ,
1515 1617 1559 1701 in

169 1757 250 1842 quo
273 1725 375 1812 nulla
395 1730 561 1812 omnino
578 1729 787 1818 crassitudo
811 1733 880 1818 stt:
906 1733 1065 1816 Lineam
1089 1742 1246 1836 autem,
1267 1732 1554 1849 longitudinem

167 1841 364 1928 latitudine
396 1865 603 1926 carentem·
628 1847 725 1928 Haec
749 1851 849 1954 ctlm
869 1875 958 1932 vera
979 1849 1054 1932 esse
1078 1848 1372 1934 contesserotsr
1401 1847 1557 1962 adigam

167 1954 453 2071 injucundum,
472 1953 729 2068 sapientemne
758 1967 1031 2076 prit‘ts,qubm
1049 1961 1328 2047 'Archimedes
1351 1991 1401 2046 eo
1430 1959 1559 2073 inspe-

166 2072 294 2159 &ante
317 2069 484 2158 rationes
500 2091 638 2159 omnes
671 2072 903 2186 descripserit
923 2103 985 2162 eas
1003 2139 1017 2180 ‚
1036 2073 1182 2191 quibus
1201 2078 1368 2162 efficitur
1378 2139 1393 2180 ‚
1428 2077 1558 2164 multis

167 2183 338 2301 partibus
375 2184 492 2271 solun
517 2186 701 2294 majorem
719 2193 795 2275 esse
820 2184 941 2306 q'uitm
968 2215 1135 2293 terram,
1165 2188 1379 2298 juraturum
1415 2200 1559 2304 putas?

166 2302 203 2388 Si
223 2299 382 2386 fecerit:
406 2301 523 2388 solem
543 2299 691 2414 ipsum,
713 2333 832 2419 quem
852 2304 972 2391 deum
998 2305 1125 2390 censet
1146 2305 1253 2406 effe,
1272 2307 1558 2420 contempserit.

221 2415 350 2540 de
370 2413 398 2497 st
418 2417 662 2530 geometricis
683 2419 897 2507 rationibus
921 2449 1004 2504 non
1029 2419 1084 2503 est
1111 2416 1354 2524 crediturus,
1372 2449 1460 2534 quae
1479 2419 1561 2506 vim

166 2529 332 2616 afferunt
354 2535 394 2614 in
419 2530 618 2634 dicendo,
634 2563 708 2621 vos
738 2534 808 2647 ipsi
830 2557 874 2620 ut
896 2531 1042 2621 dicitis:
1058 2563 1116 2618 nte
1139 2531 1329 2646 illesonge
1349 2534 1497 2639 aberit,
1516 2558 1561 2620 ut

165 2645 400 2756 argumentis
424 2643 555 2732 credat
577 2645 926 2763 philosophorum:
952 2670 1045 2750 aut,
1070 2648 1167 2732 srest
1193 2645 1436 2753 crediturus,
1481 2679 1560 2734 uo·

167 2786 254 2842 rom
273 2761 541 2874 potissimum?
565 2765 710 2848 Omnia
734 2763 985 2877 physicorum
1014 2763 1101 2848 licet
1131 2761 1330 2874 explicare.
1370 2680 1560 2848 seilon-

164 2903 262 2986 gum
292 2875 356 2958 cst.
386 2879 532 2993 Qaero
557 2887 708 2981 tamen,
739 2905 857 2991 quem
883 2875 1071 3022 sequatur.
1106 2878 1225 2987 Finge
1251 2875 1420 2995 aliquem
1451 2905 1558 2966 nune

163 2987 247 3075 sieri
273 2988 505 3100 sapientem,
531 2990 712 3080 nondum
737 2992 840 3094 ess'e:
871 3015 950 3104 qua
967 2984 1230 3105 ⁹potissrmlrm
1267 2987 1563 3098 sententiam-

163 3102 236 3188 sins
267 3103 407 3217 eliget?
430 3104 675 3219 Disciplinam
691 3106 756 3192 etsr
779 3133 1072 3220 quamcumque
1106 3103 1247 3216 eliget,
1279 3103 1459 3216 insipiens
1488 3106 1558 3191 eli·

162 3241 241 3332 get.
269 3217 348 3303 Sed
368 3219 411 3303 stt
431 3223 592 3334 iugenio
612 3221 776 3326 divino,
798 3245 917 3334 quem
938 3219 1100 3304 unume
1122 3218 1292 3332 physicis
1316 3217 1555 3332 potissimum

161 3329 377 3446 probabit?
394 3339 481 3419 Nec
497 3336 594 3450 -plus
614 3365 698 3421 uno
723 3339 877 3450 poterit.
909 3341 1006 3422 Non
1028 3333 1238 3446 persequor
1253 3332 1482 3444 questiones
1497 3341 1560 3420 in-

160 3448 322 3534 finitas:
346 3445 494 3534 tantitm
518 3450 569 3537 de
592 3449 789 3564 principiis
810 3476 963 3551 rerum,
991 3445 1175 3562 equibus
1194 3450 1336 3531 'omnia
1358 3449 1562 3555 constant,

154 3562 368 3648 ‚videamus
382 3591 509 3678 quem
534 3562 687 3680 probet.
717 3562 779 3648 Est
806 3568 911 3648 enim
932 3567 1030 3649 inter
1062 3589 1226 3675 magnos
1249 3562 1428 3647 homines
1456 3563 1562 3672 stim-

155 3707 225 3763 ma
246 3679 441 3765 dissensio.
1122 3702 1128 3716 ·’

1295 3808 1325 3834 „
1408 3737 1564 3820 ‘Ptin-

156 3946 269 4021 'quibus
304 3951 333 4011 id
351 3951 484 4024 efficitur,
510 3951 678 4030 inspectante
704 3969 765 4020 eo,
795 3950 843 4008 de·¹
874 3937 1036 4028 seconsirre
1049 3940 1139 4026 Mur,
1167 3945 1203 4010 ῥ’
1223 3953 1294 4006 &inii
1314 3965 1389 4004 eram
1412 3947 1505 4014 iidem,
1523 3939 1560 4009 Θ·

150 4025 309 4104 ²scripserit
339 4034 404 4094 Hoc
423 4035 462 4094 ira
475 4035 526 4096 esse
546 4034 604 4093 hac
622 4034 788 4108 verbaque
805 4027 844 4089 se-
885 4033 970 4090 Anici
993 4031 1026 4089 ld
1049 4025 1095 4086 res
1114 4048 1150 4088 ex
1179 4026 1291 4089 historia
1313 4024 1496 4105 Thucydidis,
1511 4045 1565 4103 ap

148 4127 312 4184 '‘suuflfflfi
328 4113 407 4194 Quid
420 4114 450 4194 fi
465 4117 610 4177 rationibus
622 4118 845 4194 geometricirnon
881 4131 959 4189 paret
974 4111 1025 4171 esse
1045 4107 1127 4186 plani
1144 4106 1562 4198 ΗΓυω.,Ε]ιξ11ἰεηράεΙίδη-

149 4189 195 4264 ‘st
210 4195 375 4264 acaunus,
390 4195 429 4256 ira
447 4197 566 4273 planum
584 4195 706 4264 faciunt,
719 4211 751 4254 ut
761 4189 843 4252 stulte
880 4193 1005 4262 riorum,
1028 4193 1060 4252 &
1087 4189 1259 4268 compendio
1287 4189 1437 4256 scribendi,
1462 4189 1509 4265 qui
1535 4190 1562 4268 p'

7 4271 9 4288 '
143 4269 292 4342 facim,
307 4272 325 4331 fi
342 4295 426 4338 coner
448 4277 575 4356 pluribus
596 4277 752 4338 ostendere.
783 4274 844 4334 Ad·
881 4290 957 4356 aurp
971 4268 1046 4334 varie
1060 4271 1237 4349 acciperent,
1254 4268 1431 4339 videtur-hic
1449 4270 1562 4330 essees-

138 4355 229 4414 :dam
261 4353 552 4428 hicumen31dem
573 4379 664 4428 error,
683 4353 759 4433 aequd
781 4373 844 4434 gra·
875 4375 928 4426 ¹ror
948 4375 958 4414 t
978 4372 1010 4414 ut
1025 4353 1171 4414 Manutius
1189 4349 1303 4412 notavit.
1324 4351 1435 4410 Fiunt.
1451 4375 1467 4402 a

142 4436 217 4504 *5⁵2
242 4453 336 4514 arque
350 4440 422 4516 aequi
444 4459 554 4520 apertus
563 4479 571 4510 ,
584 4461 644 4512 'nec
659 4435 756 4518 magis*
769 4437 845 4495 ido-
920 4443 949 4506 '9.
969 4430 1034 4516 Qtl
1045 4432 1198 4517 potffmtlm
1209 4429 1338 4513 sententia*
1354 4429 1441 4491 melitis
1461 4430 1563 4510 eliger?¹

139 4517 283 4578 ffiffimr's
307 4519 470 4583 horninibus
494 4521 619 4592 notatur,
647 4522 725 4598 quod
742 4516 845 4588 sciam,
882 4516 1080 4598 Disciplinam]
1112 4514 1201 4573 Alii:
1221 4536 1312 4608 quum¹
1343 4511 1474 4608 otiffrnrirm
1498 4512 1563 4603 setr-

137 4598 229 4658 lraelit
245 4599 284 4659 in
295 4599 347 4663 sib.
366 4605 404 4662 tt.
427 4607 464 4665 de
486 4603 614 4684 Legibus
630 4623 687 4664 non
708 4598 797 4680 longe
809 4599 845 4660 ab
880 4603 987 4658 rentiam
1002 4593 1091 4664 melitii
1107 4597 1202 4674 eliger,
1222 4615 1268 4657 aru
1322 4594 1470 4677 cipsmam?
1492 4594 1565 4686 nin,

139 4679 254 4760 initio,
278 4685 318 4740 Ur
341 4685 421 4763 vestri
446 4689 541 4757 Attici,
566 4684 672 4762 inquit,
688 4683 845 4831 giqsqrtam
881 4675 935 4760 φή
947 4675 1099 4759 potffnnlm
1110 4674 1239 4754 sententis
1252 4675 1343 4738 meliis
1360 4677 1434 4756 eliget
1453 4673 1565 4755 disciple-

134 4763 268 4844 Jlreseus
289 4785 339 4827 eor
359 4769 506 4849 demigrare
524 4787 556 4830 ex
570 4770 665 4848 agon,
722 4767 773 4836 =itt
794 4762 847 4844 assit
881 4780 944 4850 narrt
965 4761 980 4820 3
1000 4756 1142 4848 Erfidoe,
1172 4839 1179 4852 .
1364 4801 1389 4832 ..‚
