4259 5592
603 461 1112 558 uuoucnus
1501 513 1549 595 ῃ

162 679 251 739 mus
267 712 282 754 ,
303 643 429 734 abesse
442 644 638 738 dicemus.
670 649 769 773 Qtis
788 649 915 753 enim,
935 648 1026 738 ciun
1049 648 1119 736 fibi
1138 653 1250 768 lingit
1267 657 1466 778 aliquid&
1480 695 1554 752 co-

164 764 354 880 gitatione
375 763 578 878 depingit,
603 763 841 867 non,s1mul
860 765 952 854 ⁵⁰ac
980 769 1016 852 se
1038 769 1117 881 ipse
1140 781 1357 883 commovit
1373 801 1491 892 atque
1501 781 1553 865 ad

164 887 199 963 le
217 881 436 983 revocavit,
455 879 562 962 sentit
575 878 672 993 quid
683 881 825 964 intersit
843 883 942 966 inter
960 881 1214 995 perspicua&
1232 891 1380 982 inania?
1408 894 1554 979 Eadem

165 998 262 1081 tatio
289 995 344 1078 est
369 991 620 1079 somniorum.
648 1000 758 1080 Num
782 995 910 1080 censes
924 996 1119 1101 Ennium,
1144 1003 1239 1085 cum
1257 1003 1298 1085 in
1323 1005 1443 1089 hortis
1460 1035 1553 1094 curn

166 1117 241 1196 Set.
270 1108 418 1213 Galba,
437 1110 569 1193 vicino
592 1106 686 1212 suo,
708 1109 999 1217 ambulavisset,
1025 1110 1184 1216 dixisse,
1213 1114 1323 1201 Visus
1346 1119 1429 1204 sum
1460 1125 1555 1205 mihi

98 1257 101 1263 ·
169 1255 259 1314 cum
290 1221 410 1310 Galba
431 1218 652 1313 ambulate?
674 1232 749 1330 At,
770 1220 864 1308 cbm
887 1226 1114 1331 somniavit,
1138 1231 1189 1313 ita
1221 1236 1409 1317 narravit:

344 1340 374 1382 ⁵¹
394 1338 505 1442 Visus
525 1335 710 1421 Homerus
728 1339 839 1450 adefflt
853 1344 976 1453 poeta.

171 1455 352 1569 ldemque
377 1457 417 1539 in
444 1456 703 1565 Epicharmo:
922 1497 946 1544 s

337 1570 445 1656 Nam
470 1565 624 1651 videbar
635 1570 822 1673 somniare
842 1573 932 1653 med
945 1599 1011 1688 ego
1036 1570 1098 1680 effe
1119 1595 1321 1658 mortuum.

170 1690 323 1798 ltaque,
352 1681 460 1768 simul
480 1705 524 1767 ut
547 1683 758 1797 experretii
783 1686 938 1787 sumus,
963 1686 1039 1770 visa
1062 1688 1120 1772 illa
1141 1691 1454 1775 contemnimus:
1483 1717 1555 1776 ne-

170 1827 244 1912 que
264 1799 317 1884 ita
337 1795 546 1902 habemus,
569 1823 613 1884 ut
633 1827 699 1904 ea,
719 1828 805 1913 quae
831 1801 871 1885 in
898 1801 986 1888 foro
1005 1802 1192 1914 gessrmus.

221 1923 272 2000 At
295 1913 402 1998 enim
428 1912 524 1998 dum
550 1912 758 2017 videntur,
787 1914 924 1999 eadem
945 1915 1000 1998 est
1031 1920 1072 1999 in
1094 1915 1250 2002 somniis
1270 1917 1415 2029 species
1432 1921 1464 1965 ‘²
1478 1945 1622 2003 eo·—

170 2061 279 2134 rum,
307 2058 394 2140 quae
415 2026 613 2141 vigilantes
628 2026 819 2116 videmus.
859 2029 1076 2118 Plurimum
1094 2031 1256 2115 interest.
1285 2032 1360 2118 Sed
1376 2033 1417 2118 id
1436 2037 1554 2122 omit·
1574 2034 1621 2110 Ι7

168 2169 298 2229 tantus.
332 2141 426 2228 lllud
449 2149 552 2229 enim
580 2143 772 2249 dicimus,
800 2174 884 2231 non
907 2145 1071 2229 eandem
1097 2147 1173 2230 esse
1192 2145 1274 2229 vim
1297 2175 1427 2260 neque
1451 2150 1554 2232 inte-

168 2263 340 2374 gritatem
354 2256 635 2343 dormientium
657 2258 696 2339 &
709 2259 974 2371 vigilantium,
991 2286 1064 2343 nec
1086 2282 1237 2362 mente,
1252 2286 1324 2345 nec
1343 2259 1461 2349 sensu.
1489 2269 1555 2347 Ne

168 2373 351 2460 vinolenti
381 2371 542 2485 quidem
570 2401 664 2484 quoe
679 2372 852 2477 faciunt,
888 2371 1022 2457 eidem
1051 2370 1338 2486 approbatione
1369 2375 1552 2476 faciunt,

168 2519 244 2602 qua
265 2487 409 2572 sobrii:
438 2486 645 2588 dubitant,
668 2487 861 2591 haefinnt,
888 2512 1072 2573 revocant
1098 2487 1134 2570 se
1162 2485 1381 2592 interdum,
1408 2489 1552 2604 iisque,

168 2634 253 2718 quae
274 2599 481 2704 videntur,
498 2599 723 2686 imbecillibs
743 2601 1020 2688 assentiuntur:
1047 2607 1223 2715 cumque
1239 2600 1552 2704 edonniverunt,

167 2719 223 2802 illa
245 2719 321 2802 visa
345 2719 465 2830 quaint
487 2715 583 2802 levia
610 2715 749 2801 fuerint
772 2715 994 2830 intelligunt.
1066 2713 1151 2798 uod
1166 2715 1272 2798 idern
1287 2716 1478 2831 contingit
1491 2721 1553 2801 in·

167 2835 260 2918 sartis
271 2866 288 2928 ,-
311 2855 354 2915 ut
376 2829 660 2944 &incipientes
683 2832 807 2915 furere
821 2828 999 2932 sentiant,
1022 2827 1060 2913 8(
1108 2833 1236 2933 icant,
1255 2830 1553 2944 aliquid,quod
1634 2825 1640 2834 ’

166 2977 248 3032 non
270 2947 338 3049 stt,
367 2942 407 3030 id
430 2945 553 3030 videri
578 2941 665 3030 nbi:
686 2945 750 3048 br,
774 2951 868 3030 cbm
894 2943 1132 3046 relaxentur,
1156 2943 1340 3048 sentiant,
1363 2969 1481 3058 atque
1505 2943 1553 3027 il-

165 3061 197 3146 la
223 3059 355 3144 dicant
376 3060 623 3146 Alcmaeonis:
1101 3123 1107 3130 ·

337 3173 412 3260 Sed
427 3175 521 3258 mihi
542 3173 767 3288 neutiquam
792 3204 849 3256 tor
865 3173 1039 3274 consentit
1064 3199 1151 3253 cum
1168 3174 1351 3254 oculorum
1372 3174 1550 3286 adspersu.

219 3296 270 3376 At
296 3294 399 3374 enim
424 3289 502 3403 ipse
535 3287 681 3402 sapiens
709 3287 916 3373 suslinetse
945 3292 986 3373 in
1007 3288 1167 3388 surore,
1193 3315 1244 3371 ne
1263 3285 1455 3398 approbet
1481 3287 1551 3370 fal-

165 3405 199 3487 sa
218 3434 293 3518 pto
314 3403 425 3489 veris.
454 3409 500 3489 Et
528 3404 616 3488 aliis
636 3402 796 3515 quidem
822 3402 946 3516 saepe,
974 3403 1001 3485 st
1022 3423 1089 3484 aut
1111 3403 1150 3483 in
1170 3397 1336 3485 sensibus
1360 3403 1475 3515 ipsius
1497 3401 1551 3484 est

163 3519 291 3634 aliqua
313 3519 414 3604 forte
436 3523 599 3632 gravitas
618 3581 631 3621 ,
650 3539 717 3601 aut
740 3517 915 3624 tarditas,
933 3537 998 3599 aut
1030 3512 1254 3600 obscuriora
1278 3515 1362 3598 sum
1385 3543 1470 3629 qua
1489 3513 1550 3595 vi-

161 3631 327 3736 dentur,
350 3656 417 3717 aut
441 3641 465 3719 b
484 3631 750 3746 perspiciendo
763 3631 948 3744 temporis
963 3625 1147 3713 brevitate
1162 3627 1388 3713 excluditur.
1411 3637 1551 3753 Qan-

163 3775 286 3858 quam
312 3767 442 3834 totum
462 3751 572 3848 hoc,
596 3745 802 3860 sapientem
833 3742 1042 3858 aliquando
1068 3741 1244 3826 sustinere
1269 3743 1549 3844 assensionem,

163 3884 300 3946 contra
318 3892 392 3948 vos
409 3863 473 3948 ete
502 3859 542 3946 Si
564 3865 668 3946 enim
684 3866 782 3946 inter
800 3864 876 3947 visa
890 3858 981 3943 nihil
995 3857 1209 3960 interesset,
1229 3878 1294 3940 aut
1316 3856 1462 3972 semper
1474 3853 1551 3937 sus-

163 3979 326 4080 tineret,
351 3999 420 4062 aut
453 4005 667 4091 nunquam.
704 3974 780 4060 Sed
800 4003 848 4060 ex
869 3977 948 4060 hoc
972 3998 1113 4087 genere
1133 3993 1222 4056 toto
1243 3969 1404 4081 perspici
1423 3967 1550 4082 potesl

281 4089 382 4176 Tem.
423 4091 450 4174 Ι
453 4091 483 4177 Ι.
996 4215 999 4220 Ι
1054 4092 1092 4172 E·
1424 4078 1551 4166 -levi-

163 4267 1545 4306 Μ

157 4336 255 4399 vendi
278 4337 343 4401 sacra
369 4341 451 4402 bellis
471 4339 644 4410 indicendis,
662 4341 698 4400 de
716 4357 772 4416 quo
794 4335 835 4397 le·
958 4338 1059 4396 tenus
1070 4333 1170 4392 eternis
1183 4329 1283 4408 exponit
1302 4323 1436 4405 vetjtlmt,
1452 4328 1549 4420 edente

154 4422 283 4500 gondus
297 4421 344 4482 tibi
358 4422 470 4484 Servius
486 4425 522 4483 ad
542 4423 615 4482 illud
631 4421 776 4488 Maronis,
794 4421 840 4476 AE-
959 4418 1030 4474 Unde
1041 4411 1093 4492 fibi
1111 4427 1225 4470 exortam
1238 4409 1338 4491 smper
1354 4409 1474 4486 floreum
1495 4412 1551 4476 He,

153 4502 234 4565 neid.
245 4519 307 4562 vn.
327 4505 387 4564 olm
396 4509 486 4588 ptime
496 4522 603 4564 meum:
620 4508 648 4564 itt
662 4505 751 4586 prelia
765 4505 840 4560 Mat·
1000 4500 1065 4554 mett'

153 4601 218 4644 tem.
241 4585 335 4644 Iners.
957 4580 1143 4636 Commemorat
1153 4571 1261 4654 spetiem
1274 4569 1331 4629 ἃς.

196 4683 249 4736 51·
274 4667 348 4744 Vtsm
373 4674 504 4729 Homnae:
523 4665 601 4748 adesse
616 4670 713 4751 prim]
734 4665 840 4726 Luere-
877 4657 950 4720 Vide
964 4657 996 4718 &
1010 4657 1110 4716 Somn.
1122 4653 1196 4731 Scip.
1212 4672 1273 4730 cap.
1290 4671 1315 4711 r.
1334 4652 1489 4711 strsrus.
1576 4679 1580 4686 ¹

154 4743 213 4810 tius
233 4750 343 4808 Lm.
920 4757 966 4812 52.
988 4743 1080 4822 Species
1093 4756 1126 4797 ac
1144 4728 1360 4806 eorum]Sensui
1379 4732 1487 4810 prorsus
1502 4748 1549 4788 ner

151 4833 155 4840 ’
234 4829 303 4911 ,Ετβ
313 4847 438 4913 preterea
454 4847 540 4908 tamen
560 4826 604 4915 effe
624 4823 761 4910 Arbertfia
779 4845 841 4904 :gm-
876 4819 1040 4882 certarnen
1062 4836 1120 4880 vox
1138 4817 1232 4880 media
1251 4837 1261 4884 3
1281 4833 1368 4894 quam
1386 4832 1439 4874 nos
1457 4831 1489 4868 ea
1513 4811 1549 4866 de
1615 4879 1618 4883 Ι

210 4918 214 4926 ’
278 4906 369 4994 rlae‘
738 4907 745 4913 ’
877 4899 1269 4990 commendaturum
