4259 5592
185 468 1352 585 ·-„.ou1unuun1uua.z
1510 443 1601 591 su

176 650 318 777 igitur
339 634 499 759 animo,
517 655 758 855 &gropone
775 664 867 743 'ante
882 654 1020 745 oculos
1031 722 1046 764 ,
1062 656 1183 745 deum
1196 658 1291 745 nihil
1302 662 1346 748 in
1358 662 1470 750 omni
1482 677 1595 751 ater-
1620 662 1624 679 '
1655 732 1658 737 .

201 780 346 878 nitate,
362 774 467 876 jnifi,
490 768 565 859 M?
598 770 774 885 ‘pulchri
795 771 940 885 e'st,&,
962 776 1044 891 Ego
1064 775 1200 875 beatus
1208 778 1302 877 sum
1315 841 1328 880 ,
1340 777 1607 893 cogitantem,

201 894 290 975 Nec
311 904 441 991 tamen
465 883 613 989 video,
634 917 721 1003 quo
749 885 877 973 modo
900 918 984 975 non
1013 892 1189 976 vereatur
1216 887 1284 975 iste
1306 890 1405 978 deus
1434 893 1597 997 beatus,

179 1022 181 1029 ⁴
202 1030 253 1088 ne
273 1001 459 1102 intereat,
475 1004 570 1085 etim
587 1001 666 1088 fine
686 1001 762 1089 ulla
775 1003 1046 1091 intermistione
1058 1004 1253 1117 pulsetur,
1269 1006 1516 1122 agiteturque
1529 1005 1594 1093 in-

201 1119 380 1207 cutfiont
399 1126 625 1201 atomorum
648 1116 899 1231 sempitenu,
920 1124 1099 1233 cumque
1117 1147 1168 1205 ex
1186 1118 1272 1231 ipso
1291 1127 1479 1236 imagines
1498 1117 1601 1209 sem-

202 1260 272 1350 per
291 1236 465 1319 affluant.
494 1236 549 1317 lta
569 1258 643 1319 nec
666 1228 802 1319 beatus
822 1232 877 1319 est
894 1236 1015 1319 vester
1034 1232 1161 1338 deus,
1184 1260 1258 1319 nec
1284 1260 1473 1345 atemus„
1601 1322 1605 1328 ,

259 1353 310 1436 At
329 1344 517 1437 e'tiam'de
540 1347 758 1451 finffitate,
780 1345 832 1433 de
859 1349 1000 1459 pietate
1024 1347 1204 1435 adversus
1226 1346 1355 1455 deos,
1370 1348 1488 1439 libros
1506 1347 1605 1439 scti-

200 1464 274 1582 p'fit
294 1469 497 1581 Epicurus.
525 1468 577 1549 At
588 1470 673 1578 'quo
684 1460 814 1550 modo
836 1464 877 1547 iu
898 1466 958 1550 his
975 1464 1177 1579 loquitur?
1207 1470 1260 1551 Ut
1273 1470 1597 1583 Conmcanium,

198 1583 268 1668 aut
285 1576 737 1691 Scaevolam‚pontilices
751 1576 970 1682 maximos,
993 1599 1033 1661 te
1057 1579 1193 1668 audire
1217 1578 1348 1667 dicas:
1370 1612 1454 1669 non
1477 1609 1598 1685 eum,

199 1699 270 1809 qui
296 1692 655 1780 sustuleritomnem
668 1692 843 1779 funditus
865 1690 1116 1809 religionem:
1131 1722 1205 1781 nec
1217 1694 1420 1804 manibus,
1433 1718 1481 1785 ut
1496 1698 1598 1781 Xer-

198 1838 294 1915 xes,
317 1808 381 1895 sed
407 1806 620 1894 rationibus
640 1808 816 1895 ‘demum
848 1808 1125 1925 inmortalium
1152 1811 1295 1923 templa
1318 1814 1358 1899 δι
1379 1842 1463 1899 ans
1484 1838 1598 1897 ever-

200 1924 297 2013 terit.
326 1920 437 2043 Qid
464 1923 520 2007 est
542 1922 677 2029 enim,
699 1934 770 2009 'cur
793 1922 894 2009 deo's
918 1922 969 2009 ab
992 1923 1220 2012 hominibus
1241 1926 1436 2015 colendos
1461 1927 1596 2029 dicas,

199 2046 295 2129 clun
314 2038 369 2124 dii
394 2068 478 2123 non
502 2037 631 2126 modo
655 2041 836 2125 homines
858 2067 942 2123 non
963 2039 1118 2146 colant,
1140 2040 1204 2127 sed
1222 2047 1390 2129 omnino
1406 2041 1501 2157 nihil
1520 2070 1596 2130 cu-
1644 2144 1649 2151 ,

201 2179 309 2259 rent,
333 2151 427 2239 nihil
451 2166 593 2267 agant?
638 2228 641 2237 ,
776 2190 782 2203 ’
1002 2188 1007 2195 ·
1252 2162 1288 2171 ”
1322 2160 1328 2170 ’
1360 2162 1367 2173 ’
1419 2166 1423 2175 “

258 2277 309 2357 At
332 2269 386 2352 est
408 2296 548 2354 eorum
576 2266 719 2353 eximia
745 2266 927 2383 quadam
950 2268 1207 2385 ptaesttnsque
1232 2294 1449 2377 natura,ut
1463 2299 1508 2357 ea
1523 2271 1601 2363 de·.

200 2385 290 2471 beat
305 2382 383 2501 ipsa
403 2382 523 2497 perse
546 2382 596 2469 ad
621 2382 658 2466 se
681 2382 890 2469 colendam
901 2381 1038 2469 elicere
1051 2382 1269 2498 sapientem.
1297 2393 1361 2473 Ἀιι
1374 2386 1595 2503 quidquam

195 2498 387 2586 'eximium
410 2497 538 2611 potest
556 2500 634 2583 effe
651 2504 693 2584 in
714 2527 759 2584 ea
776 2520 936 2603 natura,
956 2506 1043 2615 qua
1060 2501 1125 2587 sua
1138 2499 1341 2614 voluptate
1362 2501 1515 2607 laetans,
1534 2501 1596 2586 ni·
1657 2591 1661 2604 ,

199 2613 251 2701 hil
272 2640 349 2718 nee
361 2614 768 2727 alleuafit.‹unquam,
782 2639 914 2729 neque
928 2636 1041 2730 agat,
1054 2642 1184 2731 neque
1199 2620 1356 2731 egerit?
1375 2624 1476 2737 Qua
1497 2647 1601 2729 por-

201 2734 250 2817 ιό
273 2734 393 2845 pietas
420 2726 457 2810 ei
481 2726 671 2845 debetur,
697 2734 720 2816 a
747 2759 834 2845 quo
855 2728 950 2813 nihil
976 2730 1195 2844 acceperis?
1208 2754 1276 2817 aut
1288 2730 1387 2846 quid
1403 2736 1601 2847 omnino,
1729 2828 1744 2848 ,ἱ

200 2846 309 2951 cuius
332 2837 483 2929 nullum
505 2846 685 2929 meritum
711 2845 777 2949 fit,
790 2844 827 2930 ei
849 2841 982 2933 deberi
998 2850 1162 2958 potest?
1187 2850 1249 2931 Est
1271 2847 1377 2931 euim
1399 2852 1525 2959 pietas·
1531 2848 1595 2959 ju·
1651 2867 1657 2874 ·

200 2959 298 3046 stitia
319 2957 520 3044 adversum
540 2958 662 3046 deos:
683 2987 776 3044 cum
801 2958 946 3075 quibus
968 2960 1067 3076 quid
1093 2962 1224 3073 potest
1246 2960 1362 3047 nobis
1383 2964 1460 3047 effe
1480 2962 1667 3104 junffi

200 3070 292 3161 clun
314 3071 466 3161 homini
491 3073 591 3159 nulla
605 3101 698 3159 cum
711 3074 792 3162 deo
808 3076 852 3161 fit
866 3081 1154 3167 communitas?
1182 3076 1365 3164 Santtitas
1388 3099 1519 3162 autem
1541 3080 1597 3163 est

200 3188 354 3277 aientia
384 3187 644 3279 colendorum
671 3188 870 3291 deorum:
903 3196 973 3305 qui
1001 3191 1264 3305 quamobrem
1291 3192 1448 3305 colendi
1478 3196 1564 3280 sunt
1580 3256 1604 3299 ,.

200 3336 289 3394 non·
308 3304 509 3417 intelligo,
532 3302 640 3392 nullo
662 3332 735 3393 nec
756 3326 921 3419 accepto
943 3305 993 3390 ab
1019 3310 1093 3410 iis,
1116 3333 1191 3391 nec
1217 3305 1370 3420 sperato
1399 3306 1526 3395 bono.

258 3419 371 3544 Qud
399 3424 635 3525 citantem,
661 3420 774 3533 quod
801 3420 901 3506 deos
931 3447 1159 3506 veneremur
1184 3446 1346 3536 propter
1368 3421 1602 3509 adnuntio·-

199 3564 291 3651 nem
314 3534 394 3649 ejus
417 3561 590 3642 naturae,
609 3538 650 3618 in
676 3566 755 3665 qua
775 3538 976 3651 egregium
991 3535 1085 3621 nihil
1102 3535 1307 3630 videmus?
1335 3543 1442 3625 Nam
1461 3538 1501 3622 su
1554 3567 1601 3622 r·-

199 3652 380 3755 stitione,
406 3649 522 3767 quod
548 3652 702 3765 glorian
728 3650 853 3738 soletis
869 3684 889 3755 ,·
905 3650 1014 3737 facile
1028 3650 1266 3759 estliberari,
1289 3648 1383 3738 clun
1407 3653 1449 3738 su
1520 3657 1598 3741 eris,
1664 3734 1667 3739 ,

201 3792 362 3855 omnem
384 3770 466 3852 vim
492 3764 671 3855 deorum
713 3768 795 3853 Nisi
820 3766 921 3852 fone
944 3770 1186 3882 Diagoram,
1209 3791 1276 3854 aut
1300 3766 1595 3873 Theodotum,

201 3886 270 3997 qui
284 3887 451 3970 omniuo
462 3882 563 3967 deos
577 3882 653 3965 effe
667 3878 881 3996 negabant,
893 3880 1020 3966 centes
1032 3882 1306 3994 ¹superstitiosos
1322 3886 1398 3969 effe
1413 3881 1594 3995 potuilie.

200 4002 287 4111 Ego
303 4025 353 4081 ne
367 3996 621 4113 Protagoram
646 3996 827 4109 quidem:
846 4000 910 4083 cui
931 4020 1112 4082 neutrum
1127 3998 1293 4113 liquerit,
1301 4022 1379 4085 nec
1388 3998 1464 4083 effe
1481 3998 1595 4105 deos,

201 4139 273 4198 nec
293 4141 377 4200 non
393 4114 480 4198 effe.
509 4112 668 4197 Horum
687 4116 792 4199 enim
809 4114 998 4198 sententia
1017 4112 1199 4198 omnium
1219 4142 1302 4201 non
1317 4113 1447 4201 modo
1461 4111 1595 4227 super·

200 4229 395 4313 stitionem
420 4226 586 4331 tollunt,
611 4230 746 4343 inqua
762 4228 856 4314 inest
877 4228 997 4315 timor
1023 4230 1146 4313 inanis
1168 4228 1456 4341 deorumtsed
1480 4234 1603 4316 etiam·
1686 4222 1690 4236 '

200 4342 452 4456 religionem,
467 4372 554 4459 quae
576 4340 744 4433 deorum
763 4343 871 4434 cultu
896 4351 966 4459 pio
988 4346 1220 4430 continetur.
1483 4446 1486 4453 Ι

258 4458 395 4575 Qidt
414 4458 468 4564 ii,
490 4460 560 4576 qui
579 4456 788 4567 dixerunt,
811 4485 935 4551 totam
958 4459 1009 4545 de
1035 4457 1110 4546 diis
1134 4458 1414 4546 immortalibus
1429 4458 1594 4573 opinio-
1689 4482 1697 4576 s

209 4602 213 4607 ·
316 4576 513 4669 Tam-II.
790 4607 793 4617 ²
999 4578 1033 4665 Z
1061 4606 1086 4662 z
1113 4608 1137 4661 z
1476 4586 1607 4677 'nemss
1696 4660 1698 4666 s

197 4813 264 4875 qnos
278 4796 437 4878 podemlic
457 4798 642 4877 accipiantur,
660 4818 693 4859 ut
711 4784 879 4878 ignifluam,
920 4820 979 4860 non
997 4770 1141 4869 audirent,
1157 4820 1217 4861 non
1241 4814 1408 4877 paterentur.
1444 4801 1536 4873 Atque
1554 4796 1594 4858 ita

196 4896 265 4956 quoa
282 4881 378 4959 pneclm
393 4896 505 4961 opmeat
523 4901 534 4949 3
554 4880 583 4940 in
598 4879 734 4958 qubusfi
754 4881 817 4941 ellat
826 4902 879 4960 pu-
919 4880 991 4941 olim
1018 4879 1212 4959 accipiebam,
1232 4879 1314 4939 olm·
1327 4880 1384 4941 luc
1411 4877 1469 4957 ipa
1487 4878 1599 4941 Gallice

196 4959 269 5031 dot,
293 4977 325 5022 ut
346 4960 398 5023 effe
427 4962 562 5036 deberet,
582 4964 631 5023 has
656 4960 771 5044 Epicuri
794 4983 879 5025 voces
918 4962 1121 5042 interpretarer.
1143 4963 1310 5024 Ouvmus.
