4259 5592
619 441 1121 534 secuntus
1350 499 1353 504 -
1519 493 1576 569 47

185 633 283 717 stem
302 626 475 736 habere,
500 627 567 717 sed
592 656 682 718 eum
698 659 782 716 non
813 628 892 714 sine
910 629 1455 721 causs'fatsmnrenimonium
1470 634 1581 721 dice-

187 773 229 832 re
247 743 471 834 ostendetis.

243 861 356 980 Qrid
380 889 460 975 ego
489 861 540 947 de
561 861 674 953 navi?
700 855 781 948 vidi
809 859 914 944 enim
939 864 962 946 i
986 881 1025 945 te
1041 887 1195 950 remum
1212 868 1435 951 contemni:
1455 864 1650 998 ιηαῇοφῇς

186 1006 226 1064 ra
247 975 403 1064 fortaffe
431 980 581 1090 queris.
611 974 722 1098 Qrid
749 973 878 1087 potest
900 977 977 1061 effe
1000 974 1079 1063 sole
1100 978 1247 1090 majus?
1275 1005 1397 1090 quem
1428 982 1580 1066 mathe-

186 1091 318 1178 matici
338 1091 503 1207 amplius
524 1089 800 1208 duodeviginti
829 1090 1002 1204 partibus
1028 1097 1264 1180 confirmant
1290 1093 1478 1206 majorem
1506 1096 1581 1179 ess'e

215 1211 309 1294 uim
336 1230 485 1294 terram.
514 1207 736 1335 Qantulus
755 1203 872 1294 nobis
898 1207 1074 1298 videtur?
1088 1210 1183 1293 mihi
1210 1202 1374 1318 quidem
1387 1209 1494 1322 quast
1508 1233 1581 1319 pe-

187 1239 292 1409 iaris.
334 1327 525 1434 Epicurus
563 1345 693 1409 autem
714 1324 826 1436 poffe
850 1345 961 1433 putat
994 1327 1109 1410 etiam
1130 1323 1323 1408 minorem
1348 1323 1425 1406 effe
1458 1349 1580 1424 eum,

189 1441 306 1552 quim
328 1435 619 1540 videatur‚'sed
642 1467 726 1523 non
752 1435 876 1524 multi>
891 1467 902 1523 ε
917 1440 1165 1548 nemajorem
1178 1434 1342 1555 quidem
1361 1434 1488 1524 multi)
1502 1465 1582 1547 pu.

188 1573 240 1639 tat
263 1553 362 1640 ess'e:
389 1551 448 1637 vel
470 1574 621 1638 tantum
648 1553 749 1656 effe,
769 1573 936 1668 quantus
952 1553 1155 1642 videatur:
1186 1576 1231 1640 ut
1253 1551 1357 1638 oculi
1379 1574 1446 1637 aut
1462 1549 1581 1655 nihil,

187 1691 253 1754 aut
276 1697 361 1754 non
388 1664 557 1751 multirm
577 1670 819 1754 mentiantur.
849 1662 925 1753 Ubi
942 1666 975 1715 ⁷⁸
991 1672 1110 1782 igitur
1132 1666 1226 1758 itud
1248 1668 1302 1752 est
1316 1729 1329 1772 ‚
1343 1669 1483 1771 semel?
1503 1665 1581 1750 Sed

187 1779 234 1868 ab
261 1786 343 1869 hoc
365 1781 552 1887 credulo,
577 1787 648 1898 qui
675 1809 877 1894 nunquam
907 1779 1033 1871 sensus
1059 1783 1212 1870 mentiri
1241 1804 1377 1895 putat,
1403 1777 1580 1867 disceda-

188 1927 295 1982 mus:
323 1899 462 2013 quine
486 1925 592 1983 nunc
645 1893 780 1981 uidem
804 1917 942 2010 putat,
968 1905 1062 1984 cirm
1083 1900 1143 1986 ille
1165 1897 1246 2002 sol,
1267 1903 1337 2013 qui
1361 1921 1465 1984 tanta
1481 1894 1581 1983 inci-

188 2017 335 2098 tatione
358 2011 503 2117 fertur,
529 2033 573 2097 ut
591 1929 758 2097 ciieritas
787 2011 879 2120 eius.
889 2035 1034 2125 quanta
1059 2015 1102 2100 srt
1127 2041 1177 2098 ne
1200 2016 1372 2127 ‘cogitari
1414 2009 1579 2127 quidem

189 2127 328 2239 poffit,
345 2149 473 2212 tamen
499 2123 615 2213 nobis
634 2127 729 2211 stare
749 2126 936 2211 videatur.

241 2239 346 2345 Sed,
371 2264 415 2326 ut
448 2245 623 2327 minuam
644 2243 969 2328 controvertiam:
1006 2237 1162 2346 videte,
1205 2241 1360 2356 queso,
1388 2245 1508 2354 quim
1537 2243 1580 2324 in

189 2355 356 2466 parvulis
368 2371 387 2430 b
400 2356 486 2440 fitis.
508 2361 693 2486 Qatuor
715 2356 800 2442 sunt
820 2355 973 2468 capita,
1000 2386 1087 2469 quae
1103 2355 1366 2458 concludunt,
1379 2355 1472 2442 nihil
1489 2355 1579 2460 effe),

189 2468 302 2581 quod
326 2473 454 2575 nosci,
466 2475 613 2584 percrpi
627 2532 641 2575 ,
654 2470 936 2582 comprehendi
951 2471 1089 2584 poffit3
1106 2472 1157 2557 de
1176 2499 1260 2586 quo
1278 2471 1363 2556 haec
1374 2491 1459 2558 tota
1471 2499 1581 2586 quaea

189 2585 261 2669 stio
286 2583 352 2668 est.
380 2589 410 2669 E
434 2584 579 2700 quibus
609 2587 781 2697 primum
804 2585 882 2690 est,
905 2587 980 2672 effe
1000 2585 1163 2701 aliquod
1189 2585 1312 2675 visum
1334 2584 1490 2673 falsum:
1523 2585 1585 2668 se.

188 2697 388 2802 cundum,
409 2728 493 2784 non
515 2703 627 2811 posse
648 2696 692 2783 id
716 2700 888 2813 percipi:
923 2705 1107 2807 tertium,
1135 2707 1233 2787 inter
1262 2729 1353 2814 que
1374 2705 1453 2788 viu
1487 2697 1581 2784 nihil

189 2811 357 2917 intersit,
376 2810 459 2897 fieri
480 2844 562 2900 non
581 2813 714 2930 posse,
736 2821 939 2901 uteorum
965 2815 1035 2903 alia
1056 2822 1204 2931 percipi
1227 2813 1392 2931 possint,
1413 2813 1482 2900 aria
1498 2843 1584 2899 non

189 2929 350 3040 poffint:
374 2951 576 3038 quartum,
598 2927 746 3014 nullum
768 2929 845 3014 effe
867 2931 988 3016 visum
1017 2958 1154 3019 verum
1175 2928 1322 3017 i-sensu
1341 2930 1583 3057 profecium,

190 3047 252 3129 cui
282 3071 367 3128 non
387 3045 609 3156 appofitum
634 3045 679 3130 srt
701 3044 849 3130 visumc
868 3043 999 3152 aliud,
1016 3043 1134 3163 quod
1160 3047 1209 3133 ab
1233 3075 1285 3134 eo
1311 3043 1405 3130 nthil
1425 3045 1582 3149 interfit,

190 3156 385 3272 quodque
406 3157 554 3272 percipi
579 3189 663 3246 non
692 3159 821 3274 possit.
927 3215 930 3222 «
982 3189 983 3198 ¹
1091 3189 1095 3201 ’
1228 3225 1233 3234 .
1625 3257 1629 3265 ,

244 3277 404 3358 Horum
425 3296 596 3390 quatuor
618 3275 791 3388 capitum
812 3271 1024 3359 secundum
1040 3277 1080 3362 &
1098 3280 1254 3362 tertium
1267 3299 1405 3361 omnes
1429 3299 1583 3359 conce*

188 3388 299 3473 dunt.
330 3391 503 3473 Primum
521 3393 710 3498 Epicurus
730 3399 821 3475 ¹non
841 3387 918 3474 dat
946 3395 1053 3494 Vos,
1085 3389 1318 3502 qm⁴ouscum
1342 3415 1401 3471 res
1428 3388 1511 3494 est,
1536 3387 1583 3472 id
1626 3450 1629 3454 ι

188 3530 358 3616 quoque
381 3502 607 3590 conceditis.
637 3504 777 3591 Omnis
795 3507 932 3617 pugna
952 3501 1003 3588 de
1023 3527 1166 3616 quarto
1190 3505 1261 3590 est..
1562 3571 1566 3578 .

245 3625 331 3735 Qu
350 3622 468 3731 igitur
490 3624 531 3705 Ρ.
550 3618 750 3705 Servilium
772 3619 986 3705 Geminum
1004 3618 1183 3724 videbat,
1201 3621 1231 3704 fi
1257 3621 1453 3738 Quintum
1468 3618 1587 3812 seivi-

1459 3796 1468 3808 ..
1518 3756 1587 3814 ere

189 3929 269 3982 Varro
286 3927 419 3996 reddidit,
439 3929 586 3986 Strabonem
608 3947 740 3988 vocatum.
770 3927 865 4006 Itaque
901 3927 1021 3990 omnino
1040 3925 1167 4005 postulat.
1190 3929 1346 3988 Dnvrstus.
1447 4004 1451 4008 4

189 4021 231 4062 ex
249 4003 340 4066 Plinio
364 4005 467 4068 Cicero
494 4009 717 4071 emendandus:
747 4005 864 4071 scriben-
943 4013 1103 4089 77.-Neque
1128 4027 1182 4066 tarn
1204 4017 1346 4088 quererer]
1366 4006 1528 4078 Victorius,
1548 4007 1585 4069 &

189 4085 340 4161 dumque,
362 4085 486 4150 mille&
515 4089 645 4168 oiioginta
662 4132 671 4161 ‚
690 4109 750 4168 quae
782 4089 863 4168 plane
901 4091 1035 4151 Gruterus
1057 4109 1066 4147 ε
1089 4093 1180 4168 Neque
1199 4109 1252 4148 ram
1270 4108 1431 4166 quereretur
1452 4112 1512 4150 cum
1528 4093 1587 4158 deo„

188 4161 324 4236 efficium,
351 4189 466 4232 cxxxv.
492 4189 525 4230 u.
546 4171 686 4248 passuum,
713 4188 745 4231 ur
762 4171 865 4232 habene
900 4171 968 4250 quid
978 4188 1074 4254 parum
1093 4171 1190 4248 longi,
1209 4169 1289 4249 quim
1309 4171 1377 4250 quid
1391 4171 1489 4251 faifirm
1504 4169 1589 4231 vide--

185 4245 313 4306 Pliniani
333 4247 396 4312 libri
418 4271 535 4322 omnes,
554 4271 616 4312 tum
636 4271 725 4312 manu
742 4252 864 4322 exarati,
901 4245 957 4311 retJ·
969 4255 1016 4313 Ad
1033 4251 1141 4330 talpam
1149 4249 1253 4311 scilicet
1269 4251 1393 4312 referunt
1411 4272 1421 4312 ε
1446 4254 1523 4331 quod
1541 4251 1588 4313 vi·v

182 4345 257 4386 turn
276 4328 358 4392 etiam
371 4333 497 4413 impreffi.
519 4334 720 4405 minumus,
748 4326 808 4395 N'or.
828 4331 864 4398 θ
903 4332 993 4394 derint
1008 4333 1117 4395 eruditi

183 4412 309 4470 Emend.
320 4415 354 4473 ad
363 4415 409 4476 lib.
423 4435 480 4478 vrr.
495 4437 523 4475 n
536 4432 582 4487 75.
892 4479 894 4484 ,
943 4421 989 4485 78.
1010 4415 1058 4473 Ubi
1073 4419 1153 4492 igim
1169 4413 1233 4471 illuri
1253 4414 1285 4492 est
1302 4411 1389 4473 semel
1407 4412 1440 4484 i]
1461 4411 1589 4480 Pertinet

231 4507 281 4561 76.
301 4499 376 4576 Quid
392 4497 408 4558 ‚²
425 4499 522 4581 talpam
539 4517 599 4558 non
618 4494 757 4575 desiderem
775 4497 863 4556 lumen
902 4495 947 4554 hic
966 4497 1046 4558 locus
1060 4498 1097 4555 ad
1113 4495 1198 4552 ilium
1218 4494 1315 4573 capitis
1341 4514 1387 4567 25.
1410 4496 1448 4556 Εὸ
1467 4517 1523 4556 rem
1544 4497 1589 4554 di-

172 4576 322 4653 puras?]
346 4578 463 4660 Vulgi,
491 4582 554 4660 quid
575 4577 691 4660 talpam!
712 4597 782 4638 num
803 4576 865 4656 dest-
891 4581 977 4658 'mittit
993 4581 1136 4659 Epami,
1146 4573 1174 4653 fi
1190 4598 1259 4636 unio
1274 4576 1367 4657 sensus
1375 4577 1457 4659 smel
1471 4583 1502 4640 in
1521 4581 1587 4639 vita

175 4657 281 4714 derare
306 4659 395 4720 lunen
409 4677 489 4742 puras
508 4659 520 4723 i
539 4662 602 4721 Nos
616 4659 687 4722 veri),
703 4675 760 4719 ram
771 4657 865 4720 inter·
900 4655 1063 4735 mentiones}
1080 4657 1141 4717 &o
1158 4658 1263 4720 Ltus.
1560 4705 1564 4718 .

172 4736 392 4814 punstionem‚
414 4746 501 4821 quim
522 4740 675 4803 lefflonem
694 4739 749 4802 Mt.
771 4745 863 4802 Canta·
889 4782 891 4801 2
936 4739 1081 4802 bLambe
1093 4737 1152 4819 fita
1160 4736 1198 4816 fit

171 4820 320 4902 Brigirnfis
337 4821 540 4891 ennbuimus:
559 4821 596 4887 ic
615 4824 695 4903 quod
711 4819 772 4888 loci
783 4843 865 4900 mens
935 4842 957 4884 c
970 4823 1066 4886 reem.
1082 4823 1157 4886 aliud
1167 4820 1289 4903 falsum,
1301 4821 1387 4901 ‘quove‘
